<?xml version="1.0" encoding="UTF-8"?>
<!DOCTYPE html PUBLIC "-//W3C//DTD XHTML 1.0 Transitional//EN"
    "http://www.w3.org/TR/xhtml1/DTD/xhtml1-transitional.dtd">
<html xmlns="http://www.w3.org/1999/xhtml" xml:lang="en" lang="en">
 <head>
  <title>
</title>
<meta http-equiv="Content-Type" content="text/html;charset=utf-8" />
  <meta name='ocr-system' content='tesseract 3.04.00' />
  <meta name='ocr-capabilities' content='ocr_page ocr_carea ocr_par ocr_line ocrx_word'/>
</head>
<body>
  <div class='ocr_page' id='page_1' title='image "./sextiempiriciop01estigoog_0014.png"; bbox 0 0 2798 5198; ppageno 0'>
   <div class='ocr_carea' id='block_1_1' title="bbox 350 1148 910 1309">
    <p class='ocr_par' dir='ltr' id='par_1_1' title="bbox 350 1148 910 1309">
     <span class='ocr_line' id='line_1_1' title="bbox 350 1148 910 1309; baseline 0.013 -25"><span class='ocrx_word' id='word_1_1' title='bbox 350 1148 910 1309; x_wconf 76' lang='lat' dir='ltr'><strong>rasmmomrmurr.</strong></span> 
     </span>
    </p>
   </div>
   <div class='ocr_carea' id='block_1_2' title="bbox 525 1460 836 1474">
    <p class='ocr_par' dir='ltr' id='par_1_2' title="bbox 525 1460 836 1474">
     <span class='ocr_line' id='line_1_2' title="bbox 525 1460 836 1474; baseline -0.003 -4"><span class='ocrx_word' id='word_1_2' title='bbox 525 1460 728 1474; x_wconf 60' lang='grc' dir='ltr'><strong>-ι--η</strong></span> <span class='ocrx_word' id='word_1_3' title='bbox 809 1464 812 1468; x_wconf 36' lang='grc' dir='ltr'><strong>Δ</strong></span> <span class='ocrx_word' id='word_1_4' title='bbox 833 1463 836 1469; x_wconf 83' lang='grc'>.</span> 
     </span>
    </p>
   </div>
   <div class='ocr_carea' id='block_1_3' title="bbox 10 1606 1332 3530">
    <p class='ocr_par' dir='ltr' id='par_1_3' title="bbox 24 1606 1332 2982">
     <span class='ocr_line' id='line_1_3' title="bbox 64 1606 1242 1751; baseline 0 -24"><span class='ocrx_word' id='word_1_5' title='bbox 64 1606 203 1727; x_wconf 62' lang='lat' dir='ltr'><strong>sexti</strong></span> <span class='ocrx_word' id='word_1_6' title='bbox 245 1644 424 1747; x_wconf 78' lang='lat' dir='ltr'><strong>Empirici</strong></span> <span class='ocrx_word' id='word_1_7' title='bbox 460 1643 574 1722; x_wconf 89' lang='lat' dir='ltr'><strong>editio</strong></span> <span class='ocrx_word' id='word_1_8' title='bbox 610 1645 828 1724; x_wconf 84' lang='lat' dir='ltr'><strong>Fabriciana</strong></span> <span class='ocrx_word' id='word_1_9' title='bbox 863 1672 945 1724; x_wconf 91' lang='lat' dir='ltr'><strong>cum</strong></span> <span class='ocrx_word' id='word_1_10' title='bbox 979 1674 1133 1751; x_wconf 84' lang='lat' dir='ltr'><strong>prorsus</strong></span> <span class='ocrx_word' id='word_1_11' title='bbox 1165 1677 1187 1727; x_wconf 92' lang='lat' dir='ltr'><strong>e</strong></span> <span class='ocrx_word' id='word_1_12' title='bbox 1237 1669 1242 1677; x_wconf 81' lang='grc'><em>’</em></span> 
     </span>
     <span class='ocr_line' id='line_1_4' title="bbox 64 1780 1188 1889; baseline 0.007 -33"><span class='ocrx_word' id='word_1_13' title='bbox 64 1781 343 1884; x_wconf 79' lang='lat' dir='ltr'><strong>bibliopolarum</strong></span> <span class='ocrx_word' id='word_1_14' title='bbox 380 1780 597 1889; x_wconf 86' lang='lat' dir='ltr'><strong>commercio</strong></span> <span class='ocrx_word' id='word_1_15' title='bbox 634 1783 827 1861; x_wconf 81' lang='lat' dir='ltr'>evanuerit</span> <span class='ocrx_word' id='word_1_16' title='bbox 861 1809 1020 1886; x_wconf 86' lang='lat' dir='ltr'><strong>raroque</strong></span> <span class='ocrx_word' id='word_1_17' title='bbox 1053 1785 1090 1864; x_wconf 88' lang='lat' dir='ltr'><strong>in</strong></span> <span class='ocrx_word' id='word_1_18' title='bbox 1123 1814 1188 1864; x_wconf 91' lang='lat' dir='ltr'><strong>au-</strong></span> 
     </span>
     <span class='ocr_line' id='line_1_5' title="bbox 65 1915 1257 2026; baseline 0.007 -33"><span class='ocrx_word' id='word_1_19' title='bbox 65 1915 246 1996; x_wconf 88' lang='lat' dir='ltr'><strong>ctionibus</strong></span> <span class='ocrx_word' id='word_1_20' title='bbox 275 1919 458 1997; x_wconf 83' lang='lat' dir='ltr'><strong>vendatur</strong></span> <span class='ocrx_word' id='word_1_21' title='bbox 490 1926 530 1994; x_wconf 89' lang='lat' dir='ltr'><strong>et</strong></span> <span class='ocrx_word' id='word_1_22' title='bbox 555 1917 749 1997; x_wconf 82' lang='lat' dir='ltr'><strong>admodum</strong></span> <span class='ocrx_word' id='word_1_23' title='bbox 777 1942 904 2021; x_wconf 80' lang='lat' dir='ltr'><strong>magno</strong></span> <span class='ocrx_word' id='word_1_24' title='bbox 930 1921 1076 2023; x_wconf 86' lang='lat' dir='ltr'><strong>quidem</strong></span> <span class='ocrx_word' id='word_1_25' title='bbox 1101 1951 1189 2026; x_wconf 86' lang='lat' dir='ltr'><strong>pre·</strong></span> <span class='ocrx_word' id='word_1_26' title='bbox 1204 1940 1224 1965; x_wconf 84' lang='lat'><strong>&#39;·</strong></span> <span class='ocrx_word' id='word_1_27' title='bbox 1251 1963 1257 1973; x_wconf 57' lang='grc'><em>’</em></span> 
     </span>
     <span class='ocr_line' id='line_1_6' title="bbox 62 2034 1332 2163; baseline 0.006 -33"><span class='ocrx_word' id='word_1_28' title='bbox 62 2054 138 2151; x_wconf 92' lang='lat' dir='ltr'><strong>tio,</strong></span> <span class='ocrx_word' id='word_1_29' title='bbox 168 2055 411 2134; x_wconf 85' lang='lat' dir='ltr'><strong>Kuehniartae</strong></span> <span class='ocrx_word' id='word_1_30' title='bbox 446 2052 618 2146; x_wconf 78' lang='lat' dir='ltr'><strong>librariae</strong></span> <span class='ocrx_word' id='word_1_31' title='bbox 646 2052 843 2159; x_wconf 74' lang='lat' dir='ltr'><strong>possessor</strong></span> <span class='ocrx_word' id='word_1_32' title='bbox 877 2057 1061 2136; x_wconf 66' lang='lat' dir='ltr'><strong>laudabile</strong></span> <span class='ocrx_word' id='word_1_33' title='bbox 1088 2060 1189 2163; x_wconf 87' lang='lat' dir='ltr'><strong>cepit</strong></span> <span class='ocrx_word' id='word_1_34' title='bbox 1305 2034 1332 2066; x_wconf 48' lang='lat'>⁸</span> 
     </span>
     <span class='ocr_line' id='line_1_7' title="bbox 62 2168 1186 2305; baseline -0.002 -31"><span class='ocrx_word' id='word_1_35' title='bbox 62 2222 144 2274; x_wconf 89' lang='lat' dir='ltr'><strong>eam</strong></span> <span class='ocrx_word' id='word_1_36' title='bbox 181 2193 380 2273; x_wconf 82' lang='lat' dir='ltr'><strong>editionem</strong></span> <span class='ocrx_word' id='word_1_37' title='bbox 417 2193 553 2277; x_wconf 84' lang='lat' dir='ltr'><strong>iterum</strong></span> <span class='ocrx_word' id='word_1_38' title='bbox 586 2193 797 2271; x_wconf 86' lang='lat' dir='ltr'><strong>excudendi</strong></span> <span class='ocrx_word' id='word_1_39' title='bbox 822 2194 1026 2272; x_wconf 88' lang='lat' dir='ltr'><strong>consilium.</strong></span> <span class='ocrx_word' id='word_1_40' title='bbox 1081 2168 1186 2305; x_wconf 77' lang='lat' dir='ltr'><strong>cuiuis</strong></span> 
     </span>
     <span class='ocr_line' id='line_1_8' title="bbox 62 2303 1186 2437; baseline 0.002 -28"><span class='ocrx_word' id='word_1_41' title='bbox 62 2332 209 2437; x_wconf 78' lang='lat' dir='ltr'><strong>qrridcm</strong></span> <span class='ocrx_word' id='word_1_42' title='bbox 234 2331 449 2411; x_wconf 57' lang='lat' dir='ltr'><strong>roitcuram</strong></span> <span class='ocrx_word' id='word_1_43' title='bbox 470 2320 567 2408; x_wconf 52' lang='lat' dir='ltr'><strong>&#39;cum</strong></span> <span class='ocrx_word' id='word_1_44' title='bbox 599 2329 703 2420; x_wconf 88' lang='lat' dir='ltr'><strong>nobis</strong></span> <span class='ocrx_word' id='word_1_45' title='bbox 730 2331 1008 2437; x_wconf 73' lang='lat' dir='ltr'><strong>demandasset,</strong></span> <span class='ocrx_word' id='word_1_46' title='bbox 1044 2332 1086 2409; x_wconf 93' lang='lat' dir='ltr'><strong>id</strong></span> <span class='ocrx_word' id='word_1_47' title='bbox 1110 2303 1186 2411; x_wconf 84' lang='lat' dir='ltr'><strong>ma-</strong></span> 
     </span>
     <span class='ocr_line' id='line_1_9' title="bbox 55 2441 1305 2574; baseline 0 -26"><span class='ocrx_word' id='word_1_48' title='bbox 55 2441 160 2549; x_wconf 74' lang='lat' dir='ltr'><strong>vrrime</strong></span> <span class='ocrx_word' id='word_1_49' title='bbox 196 2467 468 2574; x_wconf 86' lang='lat' dir='ltr'><strong>spectavimus,</strong></span> <span class='ocrx_word' id='word_1_50' title='bbox 508 2477 550 2544; x_wconf 91' lang='lat' dir='ltr'><strong>ut</strong></span> <span class='ocrx_word' id='word_1_51' title='bbox 578 2467 841 2545; x_wconf 83' lang='lat' dir='ltr'><strong>incommodam</strong></span> <span class='ocrx_word' id='word_1_52' title='bbox 874 2469 1038 2547; x_wconf 75' lang='lat' dir='ltr'><strong>Fabricii¹</strong></span> <span class='ocrx_word' id='word_1_53' title='bbox 1070 2470 1186 2548; x_wconf 90' lang='lat' dir='ltr'><strong>inter-</strong></span> <span class='ocrx_word' id='word_1_54' title='bbox 1302 2460 1305 2465; x_wconf 57' lang='grc'>’</span> 
     </span>
     <span class='ocr_line' id='line_1_10' title="bbox 58 2588 1212 2716; baseline -0.002 -31"><span class='ocrx_word' id='word_1_55' title='bbox 58 2607 294 2713; x_wconf 83' lang='lat' dir='ltr'><strong>punctionem</strong></span> <span class='ocrx_word' id='word_1_56' title='bbox 324 2632 431 2710; x_wconf 87' lang='lat' dir='ltr'><strong>quam</strong></span> <span class='ocrx_word' id='word_1_57' title='bbox 458 2605 585 2683; x_wconf 90' lang='lat' dir='ltr'><strong>dicunt</strong></span> <span class='ocrx_word' id='word_1_58' title='bbox 610 2588 873 2716; x_wconf 80' lang='lat' dir='ltr'><strong>mutaremus,¹</strong></span> <span class='ocrx_word' id='word_1_59' title='bbox 894 2605 986 2682; x_wconf 86' lang='lat' dir='ltr'><strong>vitia</strong></span> <span class='ocrx_word' id='word_1_60' title='bbox 1011 2615 1050 2683; x_wconf 92' lang='lat' dir='ltr'><strong>et</strong></span> <span class='ocrx_word' id='word_1_61' title='bbox 1074 2615 1212 2709; x_wconf 77' lang='lat' dir='ltr'><strong>typo·</strong></span> 
     </span>
     <span class='ocr_line' id='line_1_11' title="bbox 58 2716 1280 2847; baseline -0.003 -24"><span class='ocrx_word' id='word_1_62' title='bbox 58 2745 282 2847; x_wconf 82' lang='lat' dir='ltr'><strong>graphorum</strong></span> <span class='ocrx_word' id='word_1_63' title='bbox 319 2751 360 2819; x_wconf 89' lang='lat' dir='ltr'><strong>et</strong></span> <span class='ocrx_word' id='word_1_64' title='bbox 379 2716 532 2820; x_wconf 84' lang='lat' dir='ltr'><strong>¹leviora</strong></span> <span class='ocrx_word' id='word_1_65' title='bbox 564 2739 796 2819; x_wconf 87' lang='lat' dir='ltr'><strong>librariorum</strong></span> <span class='ocrx_word' id='word_1_66' title='bbox 821 2743 1058 2840; x_wconf 60' lang='lat' dir='ltr'><strong>tolleremus5</strong></span> <span class='ocrx_word' id='word_1_67' title='bbox 1101 2768 1185 2843; x_wconf 83' lang='lat' dir='ltr'><strong>gra·</strong></span> <span class='ocrx_word' id='word_1_68' title='bbox 1276 2789 1280 2794; x_wconf 32' lang='grc' dir='ltr'><em>ι</em></span> 
     </span>
     <span class='ocr_line' id='line_1_12' title="bbox 24 2876 1185 2982; baseline -0.005 -23"><span class='ocrx_word' id='word_1_69' title='bbox 24 2954 44 2979; x_wconf 58' lang='lat'><strong>.‚</strong></span> <span class='ocrx_word' id='word_1_70' title='bbox 59 2882 163 2960; x_wconf 82' lang='lat' dir='ltr'><strong>viora</strong></span> <span class='ocrx_word' id='word_1_71' title='bbox 196 2879 448 2982; x_wconf 85' lang='lat' dir='ltr'><strong>relinquentes</strong></span> <span class='ocrx_word' id='word_1_72' title='bbox 482 2879 529 2955; x_wconf 88' lang='lat' dir='ltr'><strong>iis</strong></span> <span class='ocrx_word' id='word_1_73' title='bbox 557 2879 627 2980; x_wconf 86' lang='lat' dir='ltr'><strong>qui</strong></span> <span class='ocrx_word' id='word_1_74' title='bbox 649 2876 787 2955; x_wconf 92' lang='lat' dir='ltr'><strong>criticis</strong></span> <span class='ocrx_word' id='word_1_75' title='bbox 811 2877 987 2956; x_wconf 86' lang='lat' dir='ltr'><strong>subsidiis</strong></span> <span class='ocrx_word' id='word_1_76' title='bbox 1013 2879 1185 2956; x_wconf 87' lang='lat' dir='ltr'><strong>instructi</strong></span> 
     </span>
    </p>

    <p class='ocr_par' dir='ltr' id='par_1_4' title="bbox 10 2999 1314 3530">
     <span class='ocr_line' id='line_1_13' title="bbox 10 2999 1183 3118; baseline -0.004 -21"><span class='ocrx_word' id='word_1_77' title='bbox 10 3044 19 3063; x_wconf 88' lang='lat'>·</span> <span class='ocrx_word' id='word_1_78' title='bbox 56 2999 190 3097; x_wconf 69' lang='lat' dir='ltr'><strong>¹novam</strong></span> <span class='ocrx_word' id='word_1_79' title='bbox 224 3026 355 3093; x_wconf 84' lang='lat' dir='ltr'><strong>textus</strong></span> <span class='ocrx_word' id='word_1_80' title='bbox 391 3015 644 3095; x_wconf 89' lang='lat' dir='ltr'><strong>recensionem</strong></span> <span class='ocrx_word' id='word_1_81' title='bbox 683 3014 848 3118; x_wconf 86' lang='lat' dir='ltr'><strong>paraturi</strong></span> <span class='ocrx_word' id='word_1_82' title='bbox 884 3023 989 3109; x_wconf 90' lang='lat' dir='ltr'><strong>sunt,</strong></span> <span class='ocrx_word' id='word_1_83' title='bbox 1025 3014 1183 3092; x_wconf 90' lang='lat' dir='ltr'><strong>indicem</strong></span> 
     </span>
     <span class='ocr_line' id='line_1_14' title="bbox 58 3151 1314 3255; baseline -0.001 -25"><span class='ocrx_word' id='word_1_84' title='bbox 58 3158 255 3234; x_wconf 89' lang='lat' dir='ltr'><strong>verborum</strong></span> <span class='ocrx_word' id='word_1_85' title='bbox 287 3179 520 3255; x_wconf 79' lang='lat' dir='ltr'><strong>augeremus.</strong></span> <span class='ocrx_word' id='word_1_86' title='bbox 568 3153 787 3253; x_wconf 90' lang='lat' dir='ltr'><strong>ubicumque</strong></span> <span class='ocrx_word' id='word_1_87' title='bbox 823 3151 962 3254; x_wconf 89' lang='lat' dir='ltr'><strong>aliquid</strong></span> <span class='ocrx_word' id='word_1_88' title='bbox 984 3151 1022 3230; x_wconf 90' lang='lat' dir='ltr'><strong>iu</strong></span> <span class='ocrx_word' id='word_1_89' title='bbox 1058 3154 1184 3236; x_wconf 86' lang='lat' dir='ltr'><strong>verbis</strong></span> <span class='ocrx_word' id='word_1_90' title='bbox 1306 3212 1314 3221; x_wconf 87' lang='lat'>.</span> 
     </span>
     <span class='ocr_line' id='line_1_15' title="bbox 59 3287 1181 3394; baseline -0.003 -24"><span class='ocrx_word' id='word_1_91' title='bbox 59 3301 124 3394; x_wconf 82' lang='lat' dir='ltr'><strong>aut</strong></span> <span class='ocrx_word' id='word_1_92' title='bbox 141 3293 142 3297; x_wconf 70' lang='grc'>’</span> <span class='ocrx_word' id='word_1_93' title='bbox 160 3299 338 3368; x_wconf 88' lang='lat' dir='ltr'><strong>mutatum</strong></span> <span class='ocrx_word' id='word_1_94' title='bbox 381 3299 440 3366; x_wconf 89' lang='lat' dir='ltr'><strong>est</strong></span> <span class='ocrx_word' id='word_1_95' title='bbox 485 3297 549 3366; x_wconf 89' lang='lat' dir='ltr'><strong>aut</strong></span> <span class='ocrx_word' id='word_1_96' title='bbox 585 3287 796 3391; x_wconf 89' lang='lat' dir='ltr'><strong>mutandum</strong></span> <span class='ocrx_word' id='word_1_97' title='bbox 833 3313 919 3366; x_wconf 86' lang='lat' dir='ltr'><strong>esse</strong></span> <span class='ocrx_word' id='word_1_98' title='bbox 960 3290 1181 3388; x_wconf 86' lang='lat' dir='ltr'><strong>censuimus,</strong></span> 
     </span>
     <span class='ocr_line' id='line_1_16' title="bbox 57 3427 1300 3530; baseline 0.002 -25"><span class='ocrx_word' id='word_1_99' title='bbox 57 3429 97 3507; x_wconf 90' lang='lat' dir='ltr'><strong>in</strong></span> <span class='ocrx_word' id='word_1_100' title='bbox 141 3428 432 3509; x_wconf 80' lang='lat' dir='ltr'><strong>annotationibus</strong></span> <span class='ocrx_word' id='word_1_101' title='bbox 485 3429 589 3507; x_wconf 87' lang='lat' dir='ltr'><strong>uncis</strong></span> <span class='ocrx_word' id='word_1_102' title='bbox 644 3427 833 3530; x_wconf 86' lang='lat' dir='ltr'><strong>quadratis</strong></span> <span class='ocrx_word' id='word_1_103' title='bbox 879 3428 1030 3507; x_wconf 87' lang='lat' dir='ltr'><strong>inclusis</strong></span> <span class='ocrx_word' id='word_1_104' title='bbox 1079 3439 1182 3508; x_wconf 84' lang='lat' dir='ltr'><strong>nota·</strong></span> <span class='ocrx_word' id='word_1_105' title='bbox 1296 3456 1300 3469; x_wconf 72' lang='lat'><strong><em>¹</em></strong></span> 
     </span>
    </p>
   </div>
   <div class='ocr_carea' id='block_1_4' title="bbox 56 3579 233 3648">
    <p class='ocr_par' dir='ltr' id='par_1_5' title="bbox 56 3579 233 3648">
     <span class='ocr_line' id='line_1_17' title="bbox 56 3579 233 3648; baseline 0.006 -1"><span class='ocrx_word' id='word_1_106' title='bbox 56 3584 135 3648; x_wconf 92' lang='lat' dir='ltr'><strong>tum</strong></span> <span class='ocrx_word' id='word_1_107' title='bbox 162 3579 233 3648; x_wconf 88' lang='lat' dir='ltr'><strong>est</strong></span> 
     </span>
    </p>
   </div>
   <div class='ocr_carea' id='block_1_5' title="bbox 0 0 1404 5198">
    <p class='ocr_par' dir='ltr' id='par_1_6' title="bbox 0 0 1404 5198">
     <span class='ocr_line' id='line_1_18' title="bbox 0 0 1404 5198; baseline 0 4"><span class='ocrx_word' id='word_1_108' title='bbox 0 0 1404 5198; x_wconf 95' lang='lat' dir='ltr'><strong> </strong></span> 
     </span>
    </p>
   </div>
  </div>
 </body>
</html>
