2782 5190
417 134 570 204 ΑΝΝΟΤ.
589 134 716 206 ΗΕΝΒ.
737 135 954 217 srufflsru,
1174 129 1246 205 '668'

272 284 360 369 ἡμεῖς
380 284 416 351 6
436 287 495 372 66
492 264 573 355 οιτον
592 289 693 400 ζῶμεν
713 287 879 400 ρῗνθροιποι
898 290 979 372 βέ.ον

222 369 458 476 όονλεόομεν
476 371 691 455 δόξοισιν,
657 372 806 484 ενρὸντις
805 373 943 484 νόριορς,

271 453 489 543 προγόνοισιν,
512 457 753 544 ἓγγόνοισιν,’
716 485 774 525 ουιι
794 459 865 526 έστ
888 460 1053 543 ἀποτυχεῖν

206 601 209 611 ,
271 547 384 621 κακοῦ,
405 508 661 648 πρόφασινιλΗ
641 547 693 609 ατί
709 570 758 610 τιν
764 545 1019 632 ’έέξεορσκομεν
1096 564 1101 575 “

115 626 312 692 animadverte
330 636 426 690 autem
446 634 609 692 nominatim
629 635 707 715 apud
727 640 880 714 utrumque
900 627 1006 708 δόξας.
1032 633 1133 694 eodem
1154 635 1242 714 perti·
1289 637 1293 645 ”

89 736 92 746 “
115 722 189 779 nent
203 715 316 776 ethaeo
330 717 454 776 eiusdem
468 717 649 792 Philemonis,

173 860 177 865 .
256 797 380 876 Μεῖζον
399 797 441 863 τό
460 798 544 910 6666
560 806 683 866 ποιοῦσι
703 802 828 889 πολλοί,
852 801 1000 907 66dnow‚

263 881 426 947 aii-1026?
449 881 603 994 6660656
598 884 741 995 πέφυκε
761 892 800 973 τῇ
819 851 926 973 ’φύσει

205 1023 207 1029 ,
270 955 354 1047 οἷον,
376 969 573 1078 166666‘
541 968 610 1047 αιός
628 971 649 1054 6
643 951 796 1120 6666!
794 974 859 1036 τινέ
852 1021 862 1052 ,

269 1051 345 1136 6
310 1078 349 1137 νη
369 1053 436 1121 Δί’
451 1053 556 1120 ἄλλων
576 1055 681 1166 666³
662 1059 796 1142 αναγκαί
794 1082 838 1123 ιον
856 1059 898 1142 γέ
909 1081 967 1136 τις,

271 1138 375 1220 εἰμέν
396 1135 480 1250 6666
499 1139 609 1220 τοῦτ’,
630 1141 805 1224 ἀπέθανεν,
827 1142 999 1228 ἄνθρωπος
1018 1131 1117 1228 γὰρ
1096 1164 1152 1224 ην

271 1230 424 1293 τοσοῦτον
429 1225 546 1332 γέγονε
566 1225 603 1294 τό
624 1226 719 1296 κακόν
739 1192 846 1337 ἧλέκρν
851 1252 983 1337 περι
935 1220 992 1310 66

270 1306 380 1372 6666'
386 1307 593 1419 ,6666109‘
577 1337 594 1376 o
591 1313 700 1420 βίος,
723 1312 862 1378 οὐκέθ’
850 1311 997 1421 ὄψομαι,
1039 1327 1042 1332 “
1136 1360 1140 1374 .

270 1357 497 1459 6'n66w6av·”
478 1395 571 1485 ⁶⁷7²
586 1392 688 1484 ἑαυτῷ
706 1403 784 1463 τοῦτ
787 1398 879 1463 '666
896 1403 1008 1484 σκοπῇ,

270 1477 349 1628 ιιι
366 1460 785 1674 {666³
784 1461 1069 1677 666
1119 1504 1137 1600 ι

269 1647 312 1713 τό
328 1627 423 1714 κακόν
444 1651 638 1738 ἀφαιρεῖται,
660 1652 761 1737 ἆγαστ
723 1568 853 1718 6666
872 1651 1035 1741 λαμβάνει.
1128 1658 1132 1667 “

203 1777 233 1812 ιι.
254 1751 303 1817 lib
319 1754 336 1812 l
357 1762 434 1817 sect
442 1755 484 1815 36
505 1752 581 1818 δέκα
600 1750 735 1840 τρόποιν]
757 1758 810 1816 hos
835 1759 935 1817 modos
957 1759 1059 1818 Cicero
1080 1756 1152 1816 locos
1173 1773 1243 1814 com·
1314 1796 1317 1800 -
1352 1757 1353 1760 ’

115 1854 213 1898 ιιιιαιοι
222 1839 356 1918 appellat
379 1839 530 1910 Aristocles
545 1863 662 1923 quoque
676 1842 775 1902 horum
789 1842 911 1921 epoches
931 1843 1080 1903 modorum
1097 1842 1134 1898 ab
1149 1837 1244 1899 Aene-

116 1925 228 1983 sidemo
242 1931 426 1986 tractatorum
441 1927 611 1987 mentionem
626 1928 708 2001 facit,
731 1929 782 1986 sed
797 1947 900 1991 norem
913 1928 1052 2001 duntaxat
1066 1943 1246 1984 enumerans.

116 2009 159 2081 ait
174 2009 246 2068 enim
260 2007 461 2070 Aenesidemus
477 2013 524 2090 (ut
538 2012 582 2072 ille
596 2013 699 2090 refert)
717 2012 831 2072 differre
848 2014 924 2072 inter
943 2031 975 2072 se
993 2010 1121 2070 animalia
1140 2017 1170 2068 et
1189 2028 1252 2069 nos-

117 2093 216 2172 ipsos,
249 2095 425 2163 civitates-et
448 2097 539 2156 victus
567 2099 633 2177 (seu
653 2097 766 2158 vivendi
784 2097 905 2176 genera)
927 2104 957 2157 et
976 2095 1195 2155 eonsuetudines
1215 2098 1248 2153 et
1327 2162 1330 2168 ρ

116 2177 216 2256 leges,
238 2199 350 2256 nosque
369 2181 496 2241 sensibus
516 2183 657 2253 imbecillis
671 2183 817 2263 praeditos
839 2201 900 2242 esse
908 2225 923 2262 ,Ι
939 2183 1084 2259 multaque
1098 2186 1245 2258 praeterea
1304 2192 1306 2198 ’

110 2281 182 2323 οισι
197 2284 271 2341 quae
285 2267 456 2326 extrinsecus
471 2275 654 2347 corrumpant
672 2268 878 2344 cognitionem,
901 2267 1028 2325 videlieet
1048 2267 1193 2325 distantias
1214 2269 1244 2323 et
1267 2306 1274 2323 ,

116 2351 327 2428 magnitudines
346 2359 381 2412 et
393 2359 497 2411 motus.
525 2360 673 2431 praeterea
688 2372 720 2412 ex
736 2372 770 2410 eo
785 2355 864 2430 quod
878 2350 958 2410 aliter
977 2351 1072 2411 affecti
1091 2351 1146 2408 siut
1165 2350 1246 2408 iuve·
1270 2404 1273 2411 .

117 2453 171 2509 nes
186 2454 271 2513 quam
286 2456 383 2510 senes,
406 2444 435 2496 et
455 2438 600 2526 vigilantes
619 2457 703 2515 quam
719 2439 890 2498 dormientes
904 2443 933 2496 et
947 2439 1007 2496 sani
1026 2455 1111 2514 quam
1125 2435 1245 2512 aegroti,

78 2588 80 2592 ¹
120 2526 151 2578 et
171 2523 251 2598 quod
271 2522 338 2580 nihil
359 2521 412 2581 sub
433 2541 533 2582 sensus
550 2530 665 2582 nostros
687 2524 805 2603 simplex
825 2529 855 2583 et
873 2543 977 2609 purum
992 2525 1089 2583 eadat:
1110 2521 1245 2598 quoniam

121 2606 217 2666 omnia
232 2609 350 2667 confusa
364 2613 431 2668 sunt
445 2614 475 2668 et
489 2609 527 2668 ad
540 2609 644 2686 aliquid
659 2609 800 2669 dicuntur.
1268 2609 1275 2622 '

204 2725 245 2767 ιιι
258 2710 306 2771 lib.
332 2709 441 2771 lseet.
464 2709 508 2769 38
532 2704 808 2812 έπαναβιβηιιότες]
829 2711 935 2771 Se‘xtus
959 2711 1026 2777 dicit
1049 2705 1244 2786 ἐπαναβεβη-

119 2789 215 2866 κότας
234 2788 371 2878 τρόπους
392 2802 422 2857 et
442 2784 687 2876 ὕποβιβηκότας.
721 2797 758 2855 de
773 2815 891 2874 quarum
913 2815 1013 2855 vocum
1029 2793 1245 2872 significationi·

117 2882 172 2941 bus
186 2886 337 2970 traetqtum
352 2887 396 2941 est
410 2901 506 2962 supra.

204 3008 233 3042 ο.
252 2983 298 3043 lib.
316 2982 419 3044 lseot
435 2976 744 3067 44‘661160666
766 2976 936 3085 έχοντες]“
918 2943 1113 3083 οπόσφαγμρ
1132 2981 1172 3040 its
1192 2981 1244 3040 de-

117 3070 181 3127 linit
206 3067 272 3127 Gal
302 3060 570 3174 όπόσφριγγιαᾛόέ
586 3065 771 3150 λέγουσιν
754 3090 830 3130 οταν
854 3061 915 3129 666
944 3068 1063 3147 πληγῆς
1090 3060 1245 3172 ραγέντων

117 3156 182 3214 τῶν
212 3150 245 3213 έν
227 3156 322 3236 ντῷ
349 3148 464 3260 πρώτῳ
491 3156 599 3234 χιτῶνι
629 3151 758 3238 ἀγγείων
783 3149 901 3256 μιταξιλ
927 3155 985 3232 τῆς
1009 3148 1160 3232 κτηόονος
1187 3171 1244 3212 του

118 3239 230 3346 λεπκρῦ
258 3213 312 3299 καὶι
337 3244 395 3301 τοῦ
422 3236 510 3313 ἐντός
534 3242 668 3320 χιτῶνος
695 3233 775 3319 αἷμα
799 3232 939 3320 ὑπέλθῃ,
974 3237 1025 3298 καὶ
1051 3239 1250 3339 παραχρῆρια

117 3320 175 3402 μέν
197 3315 364 3424 ἔναιμονῇ
394 3321 430 3388 τό
424 3328 565 3432 66666
586 3329 642 3386 τοῦ
663 3322 856 3431 όρθαλμοῦ,
883 3321 1015 3406 ὕστερον
1037 3319 1071 3383 δέ
1091 3316 1244 3381 πελιδνόν.
1269 3354 1271 3364 =

119 3417 187 3468 sunt
201 3412 249 3487 qui
263 3417 367 3489 putent
380 3408 454 3483 τοὺς
471 3431 667 3491 οποσφαγμα
688 3407 816 3489 ἔχοντας
836 3428 898 3468 esse
913 3411 1015 3487 quibus
1030 3408 1134 3467 Plinius
1148 3408 1246 3465 tribuit

119 3498 209 3556 oculos
230 3499 322 3556 rubore
343 3498 468 3576 suffusos.
492 3517 546 3574 ego
563 3498 701 3555 Graecam
721 3515 820 3555 vocem
837 3496 960 3554 retinere
973 3495 1060 3554 tutius
1076 3513 1138 3553 esse
1153 3493 1245 3551 existi-

118 3583 210 3653 mavi,
233 3584 396 3662 praesertim
417 3602 480 3642 eum
500 3583 545 3640 illa
566 3583 703 3641 ruboris
694 3601 724 3640 m
743 3582 830 3642 oculis
845 3580 968 3639 suffusio
982 3579 1066 3638 latius
1085 3583 1184 3658 patere
1205 3576 1246 3634 ri-

121 3668 242 3727 doaturae
276 3669 409 3728 dixissem
428 3675 524 3728 tamen
545 3668 642 3726 melius
672 3667 967 3747 6616666666
987 3667 1130 3735 laborant,
1158 3680 1270 3738 quam·
1365 3670 1368 3676 ’

118 3757 168 3831 62·
185 3753 388 3830 lypospliagma
409 3754 514 3815 liabent.
543 3754 594 3813 sed
614 3754 680 3811 hoo
668 3773 805 3852 quoque
826 3753 985 3822 sciendum,
1006 3751 1035 3807 in
1055 3748 1110 3806 hoc
1129 3748 1244 3823 quidam

65 3907 70 3914 ἱ
119 3837 182 3896 loco
204 3839 310 3896 habere
331 3840 408 3897 Sexti
431 3839 598 3918 exemplaria
616 3829 828 3941 ὖπόσφασρια,
851 3837 944 3898 sedin
959 3835 1012 3893 alio
1027 3833 1105 3891 simili
1118 3831 1180 3889 loco
1196 3831 1251 3908 qui.

120 3924 236 3983 exstat
226 3943 257 3983 m
270 3924 339 3981 sexti
352 3925 429 3981 modi
451 3924 642 4026 expositione,
663 3929 740 3982 reete
759 3915 963 4002 ὖπόσφαγμα,
986 3912 1066 3977 ubi“
1046 3937 1172 3999 οφαιμα
1193 3935 1245 3994 ap-

118 4007 262 4087 pellantur
283 4027 356 4084 quae
376 4005 473 4068 hic‘
440 4002 585 4085 6666.-
607 4008 673 4066 vide
692 4027 758 4066 eurn
777 4007 869 4067 locum
889 4003 1043 4085 66426.
1072 4002 1245 4081 quinetiam

119 4113 186 4174 pag
201 4093 265 4152 422
278 4093 399 4152 eandem
412 4113 510 4153 xoeem
523 4093 656 4152 invenies.
1023 4117 1029 4132 =

206 4220 235 4255 ιο.
253 4194 300 4253 lib
319 4193 421 4254 lseot.
437 4193 479 4252 47
500 4189 556 4255 τόν
578 4186 762 4275 ὀφθαλμόν]
783 4192 839 4252 huo
857 4192 995 4297 pertinet
1000 4190 1078 4268 quod
1098 4191 1164 4249 dicit
1183 4186 1245 4247 Ari-
1252 4187 1254 4190 ’

119 4279 233 4351 stodes,
255 4275 366 4362 ἀκριβέ
365 4298 473 4385 στερον
494 4274 554 4363 γὰρ
574 4276 678 4339 θέλων
700 4275 776 4338 ἰδεῖν
795 4273 938 4356 ἄπέιγησε
953 4297 999 4337 τοι
986 4269 1174 4357 ὀφθαλμὼ
1194 4269 1246 4332 καὶ

116 4365 299 4449 προσῆλθεν
320 4358 480 4451 ἐγγύτερον
501 4363 552 4428 uui
566 4361 754 4426 ἒπιλλέσατο.
779 4363 846 4424 item
864 4363 943 4444 quod
957 4362 1078 4424 Cicero
1070 4381 1100 4420 ιιι
1113 4358 1245 4432 Lucullo,
