2798 5198
424 252 581 324 exuor.
601 246 731 328 naun
751 240 966 327 srsfflaxx.
1026 194 1029 200 Α
1197 255 1263 324 τεο

132 410 181 472 iilo
197 417 292 472 eutem
305 414 419 472 nornine
433 413 584 494 inscriptus
601 420 646 473 est
660 415 774 493 quidam¹
787 409 928 475 Plutarchi
942 412 1061 484 ibelinus,
1088 431 1143 474 nec
1156 413 1263 474 (imunt

121 499 184 575 .qui
212 499 368 558 existiment
393 500 533 577 hodieque
556 501 663 577 piacita
687 499 785 560 (ierim
804 521 823 560 a
843 500 1017 559 nostratibus
1045 499 1139 558 vocari
1156 504 1262 560 arrecta

131 602 188 665 pro
203 590 304 658 creste,
340 584 370 641 id
399 591 443 642 est
470 578 598 665 ἀρεστά.
637 586 666 642 in
691 605 748 663 qua
775 592 872 644 tamur
893 584 980 667 longe
1000 582 1057 643 sadi
1079 603 1145 659 eos,
1180 582 1262 646 faede

132 674 290 744 cognoscet
312 670 437 746 quisquis
458 670 513 728 vim
535 675 565 727 et
587 688 669 728 nsum
689 670 768 729 verbi
788 689 806 728 a
827 690 885 747 qua
905 669 972 728 illud
987 688 1091 755 namen
1106 668 1261 731 deductum

132 757 180 812 est
202 753 428 816 consideraverit.
459 755 527 830 quin
548 755 631 814 etiam
653 774 749 814 vocem
772 747 867 828 δόξας
886 756 1029 815 interdum
1054 754 1154 814 eadem
1174 754 1262 831 signi·
1283 762 1287 773 ¹

132 837 268 896 ficatione
288 840 356 917 poni
376 844 406 897 et
426 839 462 897 ab
484 839 582 925 eadem
601 857 664 899 esse
685 842 793 918 origine
814 842 924 899 scimus.
955 842 1047 922 porro*
1062 833 1166 919 δόγμα
1186 858 1261 914 qno-

130 924 221 980 modo
239 923 416 1002 interpretari
437 925 607 995 debeamus,
637 924 728 984 'docet
750 944 804 983 nos
826 926 942 1001 Cicero,
974 926 1016 985 uti
1035 924 1107 983 dixi:
1136 928 1166 981 at
1189 943 1262 1000 quo·
1351 960 1353 966 ·

131 1000 448 1087 τοοόοΛογματικοός
464 1011 538 1086 (uno
554 1010 668 1085 quidem
684 1015 761 1069 certe
773 1010 888 1086 verbo),
903 1029 962 1068 non
976 1011 1054 1068 item.
1077 1027 1131 1087 ego
1146 1008 1264 1083 dogma
1289 1039 1296 1048 x

131 1095 217 1167 ίίιοε,
240 1112 338 1169 vacem
361 1094 500 1152 Graecam
522 1099 623 1173 utpote
645 1096 773 1153 usitatum
794 1096 962 1166 retinendo,
985 1088 1068 1170 quadr
1091 1093 1262 1163 decretoriae,

131 1176 330 1248 adverbum,
360 1179 502 1257 appellare
522 1178 616 1240 malui.
653 1180 756 1256 quodsi
786 1181 824 1238 ad
844 1179 1019 1259 periphrasin
1041 1177 1261 1254 confugiendum

133 1262 189 1334 sit,
209 1261 292 1321 iaceat
313 1262 434 1321 fortasse
454 1256 674 1344 Δσγματικοός
693 1264 870 1344 interpretmi
889 1265 1052 1323 decretarum
1073 1268 1196 1335 auctores
1215 1259 1262 1320 vei

135 1353 281 1406 assertores
301 1353 352 1406 aut
370 1348 536 1427 professores
557 1356 607 1407 aut
627 1348 734 1410 decreta
754 1355 900 1409 statuentes
922 1348 966 1407 vel
987 1349 1099 1421 decretis
1114 1347 1261 1406 adbaeser-

113 1437 185 1504 ,ten
208 1432 276 1506 quid
297 1432 409 1490 sivero
430 1432 543 1493 decretis
564 1439 643 1493 certis
663 1435 788 1493 addictas
816 1452 850 1493 ex
876 1435 938 1513 ipso
962 1433 1100 1492 Cicerone
1120 1433 1262 1514 interpre-

132 1515 247 1572 temur‘i
267 1517 332 1575 hine
352 1525 447 1576 autern
470 1525 500 1576 et
520 1512 692 1598 ἀογματικὴ
713 1514 886 1600 φιλοσοφία
906 1516 992 1599 paulo
1013 1520 1091 1596 post,
1113 1521 1144 1575 et
1161 1514 1262 1573 alicubi

133 1599 298 1659 adverbium
312 1597 530 1681 δογματικῶς,
553 1605 707 1679 dequibus
720 1603 806 1682 panio
818 1606 896 1682 poste
926 1602 995 1661 item
1009 1601 1126 1661 verbum
1139 1596 1262 1679 δογμα-

131 1680 239 1759 τίζειν,
261 1686 290 1744 id
312 1692 355 1744 est
376 1687 476 1762 dogma
496 1687 542 1745 vel
561 1688 694 1764 dogmate
712 1688 845 1760 statuere,
867 1687 999 1746 ἀεοιοίωο
1017 1685 1128 1764 aliquod
1147 1683 1192 1742 vei
1214 1683 1262 1742 de·

133 1772 208 1828 areta
222 1771 314 1847 οίιίμισ
328 1791 446 1830 asserere
459 1771 504 1831 vel
517 1775 641 1849 prefiteri
653 1771 698 1829 vel
715 1770 825 1850 adiecid‘
834 1778 969 1850 tamquam
983 1770 1084 1846 dogma
1098 1768 1158 1846 (vel
1172 1768 1263 1827 decre-

131 1855 203 1929 tam)
218 1853 338 1933 proferre
352 1863 540 1918 cretenerere.
558 1855 746 1914 diciturenim
760 1855 902 1914 interdum
917 1850 1109 1935 δογματίζειν
1122 1851 1263 1925 absolute,
1327 1870 1338 1897 τ

131 1937 277 1995 irrterdum
298 1934 491 2017 δογματίζειν
510 1960 540 2000 τι
561 1940 606 1998 rei
620 1936 693 2022 ’περί
709 1958 802 2017 τινος,
824 1940 855 1998 id
871 1946 925 2011 est,
947 1938 1052 2019 aliquid
1065 1937 1110 1997 vel
1124 1938 1262 2015 doctique

133 2012 286 2099 dogmatice
298 2028 490 2099 pronuntiare,
512 2024 616 2103 aliquid
631 2024 843 2100 dogmatisarem
859 2044 932 2084 mare
953 2044 1070 2087 cremae
1090 2022 1137 2081 vel
1157 2021 1263 2101 οίίφαίό

130 2092 291 2182 dogmatica
310 2113 456 2168 assertione
476 2111 628 2186 approbare
648 2109 693 2168 vei
713 2102 823 2188 aliquid
838 2116 1088 2188 tamquam‘eertnm
1101 2108 1202 2184 dagam
1216 2127 1263 2166 as-

132 2194 248 2249 sertione
269 2194 431 2269 approbare.
468 2200 593 2270 utroque
613 2196 699 2252 modo
727 2213 795 2252 usus
821 2201 865 2252 est
887 2196 990 2253 Sextus
1019 2196 1120 2252 eodem
1142 2194 1172 2251 in
1198 2193 1262 2250 loeo

130 2262 341 2349 itu'scribens,
378 2268 395 2336 ό
425 2275 483 2354 μὲν
509 2274 570 2359 γὰρ
601 2274 795 2357 δογματίζων
825 2271 868 2350 ῶς
895 2271 1046 2357 ἀντάρχων
1073 2274 1197 2338 τίθεται
1224 2269 1262 2336 τό

128 2359 263 2440 πρᾶγμα
284 2355 379 2421 ἐκεῖνο
401 2355 419 2423 ii
440 2360 558 2442 ityreos
578 2359 781 2443 δογματίζειν.
804 2382 872 2422 usus
887 2370 975 2452 estet
993 2362 1078 2422 tertio
1092 2362 1156 2420 abbi
1169 2355 1186 2422 ό
1201 2355 1262 2441 γάρ

84 2470 86 2477 ·
128 2441 202 2524 περὶ
223 2438 292 2516 ἑνός
310 2442 505 2524 δογματίζων
524 2441 546 2528 ἢ
567 2445 743 2530 προκρίνων
761 2445 941 2529 φαντασίαν
953 2455 1020 2520 etc,
1040 2448 1090 2505 ubi
1108 2439 1125 2507 ό
1141 2442 1262 2524 δογμα-

129 2525 225 2600 τίζων
246 2530 449 2609 interpretatus
471 2551 532 2592 sum
554 2535 602 2610 arai
624 2533 776 2609 dogmatice
798 2536 969 2610 manuatim.-
996 2530 1075 2608 τιμίά
1096 2530 1263 2589 Ciceronem

129 2611 232 2672 alieubi
255 2615 386 2675 decretam
412 2617 509 2677 dobere
535 2617 647 2676 videtur
669 2624 730 2675 esse
747 2612 954 2697 ’ἀογμαάίζειν
992 2614 1068 2676 Geli.
1093 2633 1152 2672 uuo
1173 2613 1262 2672 verbo

131 2697 269 2758 ἀεοειοωο
283 2720 336 2776 pro
355 2701 458 2759 eodem
470 2702 546 2760 'dixit
572 2701 619 2761 lib.
642 2701 663 2758 2
685 2720 709 2760 e.
726 2698 746 2758 5
754 2743 766 2772 ,
789 2705 842 2762 sed
861 2700 970 2761 addens
984 2707 1111 2760 statuere.
1144 2717 1211 2756 nam
1225 2697 1263 2755 de

130 2780 296 2859 Pyrrhoniis
324 2784 444 2859 loquens
472 2785 583 2857 scabit,
616 2778 684 2844 eadit
711 2789 780 2845 adm
808 2784 1261 2861 nomenante-ramsteins.
1351 2854 1353 2859 ,

128 2860 277 3010 ίοῇειοίεαίω
297 2862 491 2948 δογματίζειν
516 2875 548 2929 et
568 2867 764 2951 δογματικῶς
791 2865 1027 2952 ἀποφαίνεσθαι
1052 2869 1154 2927 eaden
1175 2885 1263 2926 sensu

161 2956 275 3010 euntxrr.
390 2959 392 2963 '
783 2988 786 2993 <
1147 2983 1150 2986 >

153 3088 159 3103 ,
217 3014 303 3098 elib.
327 3033 344 3095 1
415 3034 533 3099 eant
552 3036 622 3122 περὶ
635 3031 854 3117 Κλείτόμαχον
873 3034 925 3119 rai
939 3000 1139 3120 Καρνεάόην]
1160 3035 1189 3093 hi
1202 3035 1262 3093 duo

129 3119 234 3178 tertiae
256 3118 333 3179 dead
407 3141 424 3181 e
443 3130 574 3184 auctores
593 3118 721 3184 fuedn'e
744 3123 901 3184 vide'intra
914 3118 1040 3205 pag.j45
1055 3122 1074 3180 b
1089 3126 1119 3179 et
1131 3119 1174 3178 47
1189 3139 1215 3181 e.
1230 3121 1261 3179 d

129 3202 250 3262 videet
271 3206 437 3266 Ciceronem
450 3209 487 3266 'in
507 3206 640 3268 Lucullo.
714 3200 730 3219 ''
750 3208 774 3227 '''
836 3212 839 3219 '
976 3220 979 3229 ’
1118 3226 1121 3233 ·
1196 3206 1210 3235 ·’
1299 3250 1302 3257 x

148 3367 151 3371 .
218 3311 237 3346 a
262 3288 352 3351 lib.·l
377 3296 446 3350 sect.
467 3288 545 3353 4οά
565 3282 940 3373 ἀνωτάτωφιλοσοφίαι]
960 3284 1087 3348 verti'ari
1108 3278 1264 3373 ἀνωτάτω
1346 3300 1350 3311 “

130 3370 316 3514 φιλοσοφίαι
331 3375 554 3451 generalissimae
567 3367 783 3457 philosoriiiaudi
795 3376 928 3447 rationes,
944 3375 1077 3451 quoniam
1089 3373 1152 3446 alibi
1162 3379 1263 3451 aperte

162 3456 199 3516 eit
214 3474 248 3518 ea
265 3459 470 3534 significatione
490 3454 547 3520 dria
568 3455 610 3521 sd
627 3454 779 3522 ἀνωτάτω
794 3453 959 3543 κεφάλαια.
978 3453 1084 3517 'eodem
1099 3476 1185 3517 sensu
1201 3455 1262 3516 Ga-

129 3538 214 3598 lenus
236 3543 303 3599 artis
324 3537 479 3602 medicinae
500 3562 563 3603 esse
583 3544 651 3604 dicit
675 3539 734 3606 dria
760 3538 802 3605 τό
830 3537 983 3605 ἀνωτάτω
999 3539 1089 3624 μίρη.
1126 3543 1208 3609 idem,
1224 3542 1262 3601 ad

131 3618 338 3699 Giauconern,'
349 3622 390 3688 τά
410 3621 562 3689 ἀνωτάτω
581 3625 654 3710 γίνη
676 3629 754 3701 dixit,
772 3649 801 3708 q.
818 3630 850 3690 d.-
870 3648 1011 3708 suprema,
1031 3629 1061 3687 id
1079 3635 1123 3686 est
1142 3646 1264 3702 summa,¹

130 3709 273 3784 seribens,
301 3706 332 3770 ai
358 3708 499 3795 μὲνγὰρ
521 3711 570 3774 ad
593 3718 657 3776 τῶν
678 3706 812 3818 ἀφάτων
832 3713 884 3774 καὶ
910 3707 1062 3775 ἀνωτάτω
1087 3715 1184 3792 γενῶν
1203 3709 1262 3788 με’·

101 3870 107 3879 x
129 3800 255 3872 νὀνσιγ,
278 3789 463 3877 ἀρκούμενοι
483 3805 554 3870 ταῖς
574 3795 638 3876 ἀπό
658 3821 780 3862 τουτων
801 3797 972 3872 ἐνδείξεσιν.
999 3800 1074 3857 idem
1104 3792 1166 3857 ἀπὸ
1196 3799 1261 3857 τῶν

128 3870 266 3984 naricam
286 3879 338 3939 καὶ
359 3875 513 3945 ἀνωτάτω
531 3887 628 3964 γενῶν
648 3878 833 3967 ἀρξάμενος.
854 3884 986 3944 Laertius
1006 3885 1046 3941 in
1060 3883 1180 3940 Zenone
1196 3883 1261 3941 τῶν

130 3960 167 4024 de
188 3963 304 4025 παθῶν
326 3960 367 4025 τὰ
388 3960 541 4039 ἀνωτάτω
563 3960 640 4028 εἶναι
659 3966 731 4049 γένη
751 3967 896 4051 τέτταρα.
928 3968 994 4026 ideo
1016 3972 1112 4025 autem
1134 3966 1262 4043 exempla

102 4084 104 4088 -
128 4047 213 4107 huius
235 4051 444 4127 significationis
472 4053 645 4132 proferenda
671 4054 838 4129 existimavi,
863 4059 905 4112 n'e
934 4053 997 4129 quis
1022 4047 1081 4121 τάς
1109 4043 1261 4112 ἀνεστάτω

128 4132 268 4212 intelligat
292 4137 517 4214 antiquissimas,
546 4140 626 4215 q'uasi
646 4157 720 4215 quae
744 4134 811 4209 τοῖς
830 4130 982 4198 ἀνωτάτω
1000 4129 1143 4218 χρόνοις,
1165 4135 1261 4193 idest

129 4217 325 4297 adverbum,
348 4230 422 4297 narr,
445 4224 627 4300 superioribas
640 4225 808 4300 tenporibus,
833 4222 884 4282 sed
905 4227 1050 4299 supremis,
1071 4221 1100 4276 iu
1121 4238 1177 4277 usn
1197 4219 1262 4278 sue·

129 4302 198 4361 rint.
225 4305 327 4364 eodem
349 4326 465 4386 quoque
478 4308 565 4367 modo
580 4309 712 4385 dicuntur
734 4311 764 4366 et
783 4302 824 4368 τά
846 4298 1102 4383 ἐσαναβεβηνιόεο
1117 4302 1203 4383 γίνῃ,
1229 4310 1260 4360 ut

128 4380 177 4449 τά
195 4381 357 4452 ἀνωτάτω.
384 4396 472 4470 atque
493 4396 567 4452 adeo
586 4393 648 4471 ipse
669 4392 773 4452 Sextus
793 4392 824 4450 in
852 4392 1037 4469 sequentibus
1064 4387 1260 4489 increatae-

130 4465 228 4545 νότος
248 4468 384 4556 τρόπους
405 4496 439 4538 ea
460 4478 661 4558 significatione
682 4478 780 4560 ponit,
804 4476 855 4537 iliis
880 4492 1030 4558 opponens
1050 4468 1261 4567 reteneam-
1349 4524 1359 4541 ,
