2798 5198
471 420 744 501 Haaatctts
781 418 1104 499 artmannus

404 628 410 637 .
531 558 773 637 naaamo
813 558 1047 652 MEMMIO,
1151 554 1155 559 ’

258 697 488 759 SUPPLlCUM
509 698 775 759 LlBELLORUM
798 698 839 757 lN
859 695 982 757 REGIA
995 692 1222 775 ,asteismo
1247 672 1285 753 S.
1299 692 1337 753 ll.
1395 619 1399 752 l

481 800 550 869 Quoi
568 800 662 851 Greisa
678 800 785 864 seplslss
803 802 872 851 asto
888 800 1007 851 lilrsllsn

480 872 598 921 acuns
609 873 685 921 nerle
701 870 803 933 pumice
819 868 984 931 ospolim?

481 940 506 989 0
522 938 652 999 Manui,
670 938 743 989 rita.
777 952 885 1001 unqu
901 948 930 987 tn
946 937 1050 988 setstss
1184 984 1187 989 .

481 1006 616 1059 oreiam·
632 1006 733 1071 lapidas
752 1020 837 1057 emere
855 1020 943 1069 curs.
1165 1048 1176 1069 ,

311 1090 429 1159 “Quid'’
449 1092 526 1151 ates
546 1090 658 1163 statim,
678 1090 701 1149 si
715 1088 763 1149 Te
783 1090 857 1149 bene
878 1090 944 1149 novi
965 1088 1165 1165 “modestiane
1184 1090 1319 1169 quadarn
1332 1108 1363 1149 ac

225 1178 394 1235 verecundia
414 1176 468 1237 lroc
487 1177 572 1249 tacis,
594 1183 627 1235 ut
647 1183 728 1235 tuum
749 1174 825 1235 hunc
843 1173 966 1234 libellum
985 1194 1077 1253 nugas
1095 1174 1247 1257 appelles,
1270 1194 1309 1233 an
1331 1194 1361 1233 er

224 1262 317 1341 apirno
332 1268 364 1323 et
377 1268 410 1319 ut
424 1262 530 1335 sentis,
551 1263 590 1321 ita
604 1261 727 1339 loqueris
743 1262 925 1339 ingenueque
939 1280 1036 1319 rerum
1051 1256 1187 1321 lateris”l
1217 1256 1260 1321 ori
1279 1260 1362 1339 μᾶλ-

223 1346 280 1407 λον
302 1350 394 1407 τοῦτο
415 1340 435 1425 ἢ
458 1344 564 1409 ἐκεῖνο,
589 1347 654 1405 “hic
668 1344 775 1403 libellus
794 1347 903 1405 serione
923 1351 1028 1407 tractat
1042 1363 1078 1403 an
1094 1344 1230 1424 nugs’a
1251 1342 1361 1425 ἐπέχω.

223 1432 359 1491 “adhoc
378 1430 478 1491 saltem
498 1435 654 1513 responde:
682 1439 765 1489 estne
783 1430 1005 1510 philosophicum
1029 1432 1088 1489 eius
1114 1430 1362 1509 argrrmentnm”l
1397 1437 1399 1506 j

224 1512 262 1577 nri
284 1510 528 1595 καταλαμβάνω.
557 1522 649 1595 “age,
672 1517 740 1593 qnid
761 1516 908 1575 delinitum
929 1516 1171 1593 constitutumque
1189 1518 1245 1576 tibi
1264 1518 1306 1575 de
1319 1516 1361 1575 illa
1398 1513 1399 1518 '

223 1602 315 1662 libello
331 1602 417 1661 est'i
446 1597 537 1663 οὐδὲν
558 1593 660 1683 ὁρίζω.
691 1606 744 1659 “at
762 1600 826 1661 milri
847 1609 924 1660 tuam
944 1601 982 1659 de
1002 1620 1037 1660 eo
1058 1602 1251 1677 sententiam,
1274 1620 1361 1681 qnae-

223 1708 346 1767 cumque
359 1695 413 1763 est,
435 1688 543 1767 aperi.”
570 1690 654 1747 immo
676 1685 752 1745 nulla
766 1686 831 1745 mihi
849 1687 990 1745 sententia
1004 1692 1059 1758 est,
1081 1690 1182 1765 utpote
1205 1686 1278 1747 nilril
1299 1690 1361 1767 opi-

223 1775 313 1835 nanti.
344 1775 436 1851 ‘.‘qnid
449 1773 516 1833 sacis
530 1772 655 1851 igitur'l
678 1766 883 1849 σκεπτόμενος
903 1769 1045 1833 διατελῶ.
1071 1772 1199 1849 miraris,
1223 1772 1360 1851 llerrnec,

224 1860 340 1919 Henrici
362 1861 402 1919 tui
433 1858 689 1937 metamorphosin,
727 1859 755 1917 in
782 1858 944 1937 Scepticum
969 1857 1049 1936 quasi
1080 1858 1208 1935 quodam
1236 1859 1361 1939 virgulae

224 1946 335 2003 divinae
354 1946 486 2005 miraculo
509 1943 720 2003 transformarit
740 1949 771 2001 at
792 1963 846 2019 ego
868 1962 946 2002 nuuc
965 1963 982 2000 a
1004 1939 1050 2001 Te
1071 1944 1152 2002 unica
1171 1944 1281 2005 differo
1303 1944 1361 2005 lite·

224 2031 293 2089 rula.
335 2032 463 2107 taenias
486 2022 659 2101 σκωπτικός
681 2049 730 2102 es,
762 2036 795 2087 nt
816 2047 878 2089 mos
907 2035 951 2087 est
980 2027 1123 2087 homiuum
1150 2033 1361 2107 venustiorem,
1396 2057 1399 2156 ρ

224 2136 278 2195 ego
289 2136 356 2175 rere
369 2110 538 2189 σκεπτικός.
552 2117 654 2193 quodsi
669 2115 749 2175 lrrdus
761 2114 993 2193 metamorphosis
1008 2113 1159 2191 tragicocor
1179 2115 1187 2129 ⁹
1271 2118 1361 2177 histn-
1396 2163 1399 2182 ,

223 2202 291 2260 riam
313 2203 450 2278 audieris,
473 2204 511 2262 ad
533 2221 594 2261 eam
616 2207 692 2261 certe
711 2198 800 2259 multo
822 2200 911 2277 magis
934 2200 1071 2277 quemad
1087 2136 1362 2299 Mantiane·
1397 2191 1399 2242 l

222 2288 361 2347 attonitus
383 2289 619 2367 stupefactusque
647 2286 784 2346 discedes.
820 2285 872 2343 sed
898 2284 1019 2343 narrabo
1043 2288 1150 2345 tamen.
1186 2306 1257 2349 cam
1286 2310 1363 2351 anno
1397 2319 1399 2344 t

224 2373 369 2452 superiore
392 2380 533 2451 quartana
555 2392 619 2431 mea
642 2373 729 2431 febris
754 2378 822 2451 post
848 2370 937 2429 varias
963 2368 1174 2453 παροξυσμῶν
1202 2366 1318 2453 ἀκμάς
1336 2388 1364 2437 et
1396 2361 1399 2420 l

223 2452 391 2539 παρακμάς
413 2456 527 2541 (longas
551 2457 673 2537 luppiter
695 2464 725 2517 et
745 2444 913 2533 laboriosas)
936 2455 1061 2533 aliosque
1085 2456 1256 2537 rirrrltiplices
1282 2468 1363 2521 actus

223 2544 340 2603 taudem
360 2544 396 2603 ad
422 2544 622 2623 catastrophen
648 2549 795 2621 vergeret,
822 2560 913 2619 eaque
935 2560 993 2601 uon
1020 2548 1131 2601 tanturn
1153 2546 1290 2623 eorporis
1312 2550 1364 2607 mei

223 2629 453 2705 constitutionem
469 2630 583 2709 pepitus
604 2630 796 2703 irnrnutasset,
818 2626 869 2687 sed
890 2634 919 2687 et
940 2627 992 2707 ipsi
1015 2626 1134 2686 naturali
1153 2619 1242 2711 ὁρμῇ
1266 2634 1363 2709 (dictu

222 2713 361 2790 mirabile)
387 2720 495 2775 tantam
515 2714 700 2773 mutationem
721 2712 878 2783 attulisset,
913 2718 961 2787 ut,
999 2712 1242 2791 quemadmodum
1266 2719 1362 2793 nobis,

223 2799 363 2877 tantisper
377 2801 444 2859 darn
459 2800 520 2859 sani
535 2819 646 2873 smnus,
666 2798 721 2859 mel
735 2797 923 2859 dulcissimum
939 2797 1061 2871 videtur,
1082 2804 1112 2856 at
1127 2798 1175 2857 nbi
1189 2800 1222 2859 in
1238 2802 1362 2864 interum

222 2884 414 2957 inciderimus,
440 2885 659 2957 amarissimum
687 2885 727 2943 ita
745 2904 817 2961 ego,
850 2884 895 2944 cni
914 2889 983 2943 ante
1001 2883 1087 2943 lebria
1110 2891 1275 2961 quartanae
1301 2896 1362 2949 tra-

222 2970 353 3045 goediam
372 2968 439 3029 nihil
465 2969 592 3045 dulcius,
616 2969 682 3027 nilril
702 2970 814 3029 suavius
833 2968 974 3029 literarum
996 2969 1089 3027 studio
1110 2968 1222 3047 suerat,
1247 2992 1289 3033 ex
1305 2996 1361 3055 qno

221 3054 292 3112 illius
307 3054 418 3114 tabellae
432 3060 513 3113 actor
528 3073 590 3115 esse
604 3074 772 3133 coeperam,
793 3054 867 3115 adeo
887 3054 923 3113 ab
945 3053 995 3113 illis
1017 3053 1219 3129 abhorrerem,
1242 3065 1281 3117 ut
1303 3080 1361 3121 non
1395 3105 1399 3154 ρ

221 3139 308 3198 ruodo
331 3141 412 3199 triste
431 3146 461 3197 et
480 3141 613 3199 acerbum
635 3140 825 3219 spectaculum
847 3138 909 3197 libri
924 3138 988 3197 milri
1002 3138 1154 3215 afferrent,
1177 3142 1232 3201 sed
1253 3145 1281 3202 si
1305 3166 1361 3225 qus
1398 3159 1399 3168 ¹

222 3224 268 3283 vel
289 3226 401 3283 minima
422 3227 461 3285 de
481 3224 532 3283 illis
557 3224 620 3283 milri
644 3226 811 3285 occurrebat
837 3224 987 3301 cogitatio,
1015 3242 1070 3297 ea,
1098 3222 1175 3283 relut
1198 3227 1360 3291 obtluctars

220 3311 375 3369 cicatricem
397 3310 547 3380 refricans,
579 3310 704 3369 animum
724 3309 790 3369 milri
817 3308 1006 3369 exulceraret:
1044 3328 1125 3382 rum,
1153 3310 1295 3389 inquam,
1323 3318 1360 3375 its

221 3395 294 3454 male
314 3415 383 3473 erga
404 3392 499 3453 literas
520 3394 639 3455 allectus
660 3414 752 3455 essem
772 3402 862 3471 utque
880 3394 952 3453 adeo
975 3413 1022 3453 eas
1036 3414 1106 3453 cane
1120 3396 1200 3473 peius
1215 3404 1247 3456 et
1262 3418 1359 3481 angue

223 3482 362 3554 odissem,
384 3481 502 3557 contigit
517 3486 549 3539 ut
565 3478 758 3623 bibffiwm
773 3498 864 3539 means
879 3478 1030 3559 aliquando
1050 3479 1193 3557 ingressus
1205 3484 1293 3559 (sed
1308 3506 1358 3585 op.

222 3567 316 3645 posita
337 3566 423 3625 oculis
443 3584 547 3636 manu,
570 3584 607 3625 ne
624 3563 645 3623 li
697 3582 761 3625 rum
779 3564 846 3625 milri
865 3570 998 3645 aspectas
1019 3562 1100 3643 hilem
1117 3574 1267 3647 moveret)
1291 3572 1358 3631 dum

222 3653 249 3708 in
272 3650 371 3709 scriuio
397 3657 507 3710 veteres
536 3648 630 3709 nescio
660 3669 731 3728 quas
758 3649 856 3729 spinas
877 3657 908 3709 et
926 3650 1008 3709 tricas
1031 3649 1165 3709 evolvens
1186 3644 1304 3731 nugor,
1331 3658 1357 3715 in

222 3736 382 3794 adversaria
406 3738 546 3813 quaedam
566 3754 629 3795 mea
647 3735 815 3807 inciderem,
845 3734 921 3813 quae
940 3734 1148 3795 tumultuariam
1170 3743 1357 3813 quorundam
1398 3775 1399 3780 κ

222 3821 397 3899 Pyrrhouiae
411 3828 506 3879 sectae
521 3821 644 3898 capitum
658 3820 920 3899 interpretationem
935 3820 1086 3880 habebant.
1116 3820 1160 3878 illa
1178 3824 1245 3882 milri
1266 3829 1356 3886 visum
1398 3829 1399 3844 ³

221 3911 296 3984 (qno
316 3907 518 3967 medicamento
541 3904 657 3986 ἰατρῶν
679 3904 787 3978 uuidar
814 3925 991 3985 summopere
1013 3905 1075 3964 mihi
1104 3904 1176 3985 o'pns
1203 3928 1270 3969 esse
1300 3912 1357 3972 ds-

220 3992 352 4067 mabant)
366 3992 457 4071 primo
480 3992 572 4049 statim
588 3994 705 4071 aspectu
726 3999 756 4049 et
776 3992 813 4053 ad
834 3992 924 4068 prima
943 3990 1029 4049 verba
1051 3998 1199 4065 excutere,
1221 3994 1271 4054 illa
1291 3998 1356 4057 milri

221 4079 314 4137 decies
336 4078 455 4157 repetita
476 4076 604 4157 placere,
627 4077 672 4135 illa
693 4076 752 4135 sola
773 4077 881 4154 scripta,
897 4074 991 4154 palato
1012 4094 1075 4135 meo
1091 4095 1206 4155 sapere,
1228 4098 1288 4157 ego
1303 4084 1356 4143 de·
1396 4097 1399 4140 l

222 4164 308 4240 nique
330 4163 365 4221 dc
387 4162 522 4239 Scepticis
541 4162 652 4235 dicere,
674 4154 733 4222 olor
754 4158 939 4234 πέπνυνται,
961 4157 1008 4223 rol
1031 4157 1065 4222 δὲ
1088 4158 1170 4222 σκιαὶ
1190 4158 1354 4231 ἀΐσσουσι.
1398 4209 1399 4212 =

222 4250 316 4306 statim
331 4248 413 4324 igitur
428 4247 538 4305 chartas
558 4246 616 4305 illas
636 4252 779 4323 taroqaam
802 4243 931 4327 ἕρμαιον
952 4246 1101 4324 arripiens,
1124 4266 1258 4323 graecum
1275 4253 1357 4313 Sexti

222 4334 378 4410 exemplar,
400 4334 476 4391 uude
492 4332 646 4410 Pyrrhonis
666 4332 711 4390 illa
731 4318 945 4403 transtuleram,
967 4331 1175 4408 diligentissime
1197 4328 1227 4393 et
1248 4338 1356 4413 aridis-

222 4422 291 4476 sime
312 4418 463 4498 perqniro,
486 4419 601 4475 tandem
624 4416 711 4475 multo
733 4416 849 4496 pulvere
872 4417 1045 4475 sordidatum
1067 4424 1096 4475 et
1118 4405 1172 4475 situ
1194 4440 1270 4501 prop

221 4506 288 4562 dum
311 4505 465 4563 ‹rarluetom
488 4503 574 4580 (adeo
589 4524 606 4560 a
621 4523 667 4561 me
684 4503 829 4580 neglectus
850 4503 974 4577 iacebat)
995 4503 1116 4562 invenio.
1146 4505 1216 4580 quid
1238 4508 1358 4569 muta?

221 4609 284 4649 cum
305 4610 377 4669 opus
399 4610 416 4648 a
435 4609 481 4649 me
500 4588 661 4649 inchoatum
683 4589 750 4650 darn
774 4588 854 4649 firrua
882 4587 1041 4653 saletudine
1068 4608 1160 4666 eram,
1191 4597 1358 4670 argumenti
