2798 5198
414 168 964 306 monumentorum
1188 222 1289 298 om
1361 280 1372 301 .

129 389 270 445 σοιιονοίκι
287 386 447 461 ι’ταιιιιμεει,
467 387 496 442 in
509 350 751 445 indiffinitum
764 391 900 466 tamqnam
913 392 942 447 tn
962 391 1036 447 circo
1054 387 1274 456 intumesceret,
1360 412 1363 418 ·

127 490 216 549 porro
240 470 318 546 quod
340 469 442 527 attinet
461 469 500 527 ad
518 486 617 528 vocem
637 464 867 552 άποφορήσεις,
891 488 951 530 non
976 473 1093 531 dubium
1116 479 1160 532 est
1184 474 1269 550 quin.

127 557 203 613 idem
229 554 308 631 quod
329 549 495 635 άποφοροιί
512 555 659 631 significet.
686 547 853 638 ἀποφοράν
872 563 969 616 autem
990 557 1090 616 sdmus
1112 559 1255 617 interdum
1320 603 1328 619 .

126 641 342 713 exhalationem,
371 640 512 697 interdum
533 640 640 698 odorem
659 642 740 700 verti.
782 642 833 698 sed
853 643 919 718 quia
947 635 1047 719 άνμός
1070 662 1187 720 quoque
1210 649 1255 702 est

129 725 286 797 exhalatio,
310 724 389 783 malit
408 726 529 783 fortasse
574 725 689 803 uispiam
714 717 926 808 άποφορήσεις
949 728 1044 787 odores
1064 720 1252 807 interpretari,

128 811 233 869 sedne
247 811 316 868 haec
330 810 445 886 quidem
459 744 654 888 interpietatio
667 811 732 868 mihi
766 810 831 870 lane
846 812 987 873 satisfacit.

214 919 244 955 u.
263 893 310 953 lib.
328 895 346 952 l
367 900 435 954 sect.
460 893 519 952 129
541 890 675 972 ἕβδομον
696 915 813 977 τροπον
835 891 976 977 ἐλέγομεν
996 890 1072 958 εἶναι
1092 891 1150 959 τόν
1168 891 1270 978 πυρά
1364 864 1366 871 ‚
1386 930 1389 938 ·

126 973 188 1053 τὰς
207 972 386 1059 ποσότητας
406 975 457 1039 καὶ
479 978 645 1051 σκευασίας
664 982 729 1041 τῶν
748 973 966 1063 ὑποκειμένων]
987 984 1092 1043 deinde
1112 1002 1144 1041 se
1167 983 1256 1062 expli·
1368 1050 1371 1055 1

128 1084 199 1124 cans
221 1067 366 1144 subiungit
395 1062 562 1138 σκευασίας
587 1062 726 1146 λένοντες
753 1068 863 1142 καινῶς
888 1063 951 1142 τάςζ
979 1065 1150 1140 συνθέσεις.
1192 1086 1258 1125 cum

129 1157 225 1209 autem
239 1171 338 1210 vocem
353 1148 520 1222 σκευασίας
538 1151 592 1210 hec
605 1151 635 1209 in
649 1151 851 1228 significatione
873 1155 1004 1232 accipiat,
1028 1155 1114 1212 satius
1134 1155 1257 1211 fortmse

128 1235 230 1295 fuisset
243 1255 307 1296 eam
320 1237 442 1296 retinere
456 1255 541 1312 quum
554 1241 896 1299 comututonavertere.
924 1240 1027 1322 quodsi
1046 1239 1184 1298 vertenda
1203 1257 1257 1296 ne·

129 1322 252 1379 cessario
272 1323 372 1380 suisset
391 1324 429 1380 ad
451 1323 586 1395 verbum,
617 1322 715 1380 melius
735 1341 797 1381 eam
819 1323 1055 1402 interpretaturus
1080 1324 1168 1382 fuisse
1192 1322 1259 1380 mihi

129 1407 230 1465 uideor
251 1413 401 1467 structum
418 1412 469 1464 aut
494 1411 714 1480 constructiones,
738 1426 823 1485 quam
844 1412 1052 1468 constitutiones.
1081 1400 1259 1481 οσκευάζω
1299 1458 1302 1462 .

128 1498 209 1551 certe
225 1493 379 1551 deductum
393 1486 543 1553 σκευασία
564 1498 692 1565 constat,
714 1492 806 1572 ipsum
825 1501 920 1553 autem
942 1484 1080 1568 σκευάζω
1100 1512 1117 1551 a
1138 1479 1256 1563 σκλῦος.

130 1583 276 1637 caeterum
291 1579 370 1654 quod
384 1577 422 1635 ed
441 1569 528 1658 παρά
549 1578 653 1635 attinet
666 1578 761 1654 (quod
778 1579 823 1636 hic
842 1585 1011 1638 annotatum
1030 1598 1090 1636 non
1108 1577 1173 1636 huic
1191 1583 1258 1636 tan-

129 1665 194 1721 tum
213 1663 276 1722 loco
294 1663 347 1721 sed
367 1667 397 1722 et
415 1662 650 1741 praecedentibus
672 1668 702 1721 et
715 1665 900 1739 sequentibus
916 1660 1044 1744 serviet),
1065 1683 1125 1721 non
1141 1662 1258 1722 dubium

130 1754 177 1806 est
191 1749 259 1825 quin
273 1747 353 1806 aliter
366 1766 451 1825 quam
464 1766 518 1827 per
531 1747 768 1827 praepositionem
783 1769 818 1807 ex
837 1750 909 1808 verti
929 1755 1034 1828 queat:
1056 1749 1186 1808 videlicet
1205 1765 1259 1828 per
1377 1771 1379 1777 >

127 1841 244 1912 propter
259 1833 302 1891 vel
317 1852 369 1912 per
379 1852 448 1911 pro,
469 1838 504 1890 ut
517 1832 640 1891 dicamus
656 1851 708 1910 pro
727 1837 939 1910 quantitatibus,
961 1836 980 1892 i.
1000 1840 1083 1914 prout
1097 1841 1159 1893 eunt
1173 1851 1258 1914 quun·

128 1924 234 1980 titotes.
255 1920 322 1977 item
335 1919 418 1977 reddi
432 1923 543 1996 potest,
562 1936 614 1995 pro
630 1917 787 1977 diuersitate
801 1923 991 1996 quantitatum.
1059 1952 1067 1963 ·

217 2027 246 2063 οι.
267 2004 315 2064 lib.
332 2003 349 2060 l
369 2002 439 2061 sect.
457 2001 518 2080 1¹66
538 1993 556 2062 ὅ
578 1997 612 2062 dt
633 1997 695 2061 ind
716 2001 786 2082 τῆς]
809 2005 853 2062 hie
873 2004 940 2062 dicit
960 1997 977 2062 ό
1000 2000 1035 2064 δὲ
1056 1998 1119 2063 ἀπό
1139 2002 1197 2081 τῆς
1217 2000 1260 2073 είς

130 2084 261 2171 ἄπειρον
282 2080 463 2158 ἐκπτώσεως
477 2093 539 2150 etc.
567 2092 598 2145 et
611 2086 695 2164 paulo
710 2094 777 2166 post
792 2088 930 2163 deliniens
950 2082 1006 2148 τόν
1022 2085 1059 2171 ,ἐξ
1078 2080 1261 2158 όποθέσεως

128 2167 249 2258 τρόπον
271 2174 352 2233 dicit:
380 2168 458 2232 όταν
481 2169 527 2242 είς
547 2165 674 2252 ἄπειρον
695 2166 915 2250 ἐκβαλλόμενοι
938 2169 968 2234 oi
988 2170 1186 2252 Δογματιιιοί
1204 2177 1259 2231 etc.

129 2262 229 2319 itidem
252 2277 321 2318 vero
347 2256 455 2316 dixerat
478 2256 557 2314 initio
577 2256 735 2314 secundum
754 2258 870 2316 modum
892 2275 954 2316 esse
980 2253 1037 2319 τόν
1064 2256 1106 2330 εἷς
1133 2252 1260 2339 άπειρον

129 2339 334 2423 ἐκβάλλοντα.
358 2343 437 2400 uude
451 2342 603 2416 colligimus
617 2360 681 2400 eum
701 2336 760 2419 τὴν
781 2341 824 2414 είς
839 2336 966 2425 άπειρόν
987 2338 1138 2403 ἐκπτωσιν
1162 2341 1262 2422 appel·

129 2432 191 2491 lare
210 2425 267 2509 τὴν
289 2427 332 2500 εἰς
355 2423 486 2509 ίίπειρον
511 2418 659 2504 ἐκβολήν,
689 2427 853 2507 accipiendo
874 2447 979 2488 nomen
1000 2429 1056 2487 hoc
1075 2429 1206 2506 passive,
1228 2433 1263 2486 ut
1373 2485 1376 2491 .

131 2511 150 2578 ὃ
174 2515 217 2591 εἰς
245 2510 372 2596 άπειρον
399 2505 625 2590 ἐκβαλλόμενος
654 2513 763 2571 dicatur
795 2511 839 2584 είς
854 2508 995 2596 ’άπειρον
1023 2507 1186 2574 ἐκπίπτειν.
1223 2513 1263 2571 εἰσ

133 2603 201 2662 alibi
222 2599 265 2673 εἰς
285 2595 340 2660 τὸν
360 2592 529 2677 διάλληλον
549 2589 667 2678 τρόπον
687 2593 839 2658 ἐκπίπτειν
860 2599 977 2677 legimus
998 2599 1076 2678 apud
1097 2617 1171 2659 eum.
1209 2597 1263 2657 sed

130 2707 172 2747 ne
185 2688 240 2748 hoc
253 2686 367 2763 quidem
381 2683 663 2764 praetermittendum
677 2688 739 2755 cst,
759 2684 902 2743 interdum
914 2683 967 2756 ele
988 2678 1115 2765 ἄπειρον
1133 2682 1263 2762 simpliei-

128 2780 193 2848 ter,
213 2771 356 2831 interdum
374 2788 443 2830 vero
464 2766 507 2840 είς
527 2761 654 2849 ι’ίπειρον
674 2760 792 2849 τρόπον
812 2770 849 2827 ab
871 2788 906 2828 eo
927 2770 1006 2848 poni,
1028 2777 1061 2827 ut
1076 2787 1139 2848 cap.
1157 2766 1215 2826 λῦε
1236 2763 1263 2827 εἰ
1323 2775 1325 2779 ’

130 2855 191 2939 μὲν
211 2853 271 2938 γὰρ
292 2851 329 2918 τό
352 2851 385 2928 ἐξ
405 2841 445 2916 οὗ
463 2874 494 2916 τι
515 2847 802 2930 καταλαμβάνεται,
818 2848 879 2919 αἰεὶ
906 2851 938 2927 ἐξ
965 2847 1071 2935 {ripun
1099 2852 1264 2931 καταλαμ-

130 2937 291 3023 βάνεσθαι
312 2933 432 3019 δεήσει,
466 2937 509 3010 είς
529 2932 586 3002 τόν
611 2932 779 3020 διάλληλον
804 2933 824 3018 ἢ
846 2934 901 2999 τὸν
922 2932 1265 3020 άπειρονέμβάλλονσι
1289 2933 1291 2936 ’
1393 2968 1397 2978 ·

130 3021 263 3112 τρόπον.
287 3045 344 3104 quo
359 3026 389 3083 iu
402 3025 465 3085 loco
480 3023 534 3083 dlia
547 3042 664 3102 quoque
678 3025 736 3083 duo
751 3023 928 3083 observanda
947 3030 1031 3098 sunt,
1053 3024 1184 3083 videlicet
1204 3021 1261 3101 ἐμ·
1333 3041 1336 3046 ·

131 3109 288 3194 βάλλουσι
309 3111 412 3169 eodem
432 3128 518 3168 sensu
538 3128 597 3188 quo
618 3109 682 3167 alibi
703 3107 899 3187 ἐκβάλλουσι.
926 3111 1011 3180 item,
1031 3127 1117 3189 posse
1139 3127 1194 3166 nos
1213 3107 1264 3166 ali-

133 3200 254 3279 quando
268 3196 462 3257 indifferenter
476 3195 549 3252 duos
563 3192 625 3253 illos
639 3186 797 3275 τρόπους,
820 3196 949 3253 nimirum
969 3189 1026 3283 τόν
1047 3186 1215 3274 διάλληλον
1234 3198 1264 3252 et

133 3280 192 3347 τόν
214 3279 358 3364 άπειρον,
381 3298 530 3359 usurpare.
550 3297 637 3357 porro
651 3280 680 3336 in
694 3280 739 3336 illo
753 3280 881 3359 proxime
902 3281 987 3339 citato
1002 3279 1081 3338 Sexti
1091 3280 1165 3338 'loco
1180 3295 1266 3358 prae·

131 3371 307 3452 positionem
321 3364 365 3438 εἰς
384 3372 451 3423 ante
470 3359 598 3445 άπειρον
619 3365 749 3422 omissam
765 3382 828 3424 esse
848 3366 992 3445 suspicor,
1015 3370 1049 3422 ut
1068 3364 1198 3424 videlieet
1219 3363 1265 3421 le·

132 3462 220 3534 gutur
241 3448 261 3532 ἢ
283 3447 337 3513 τίν
359 3449 402 3523 εἰς
422 3445 565 3531 άπειρονς
589 3448 658 3507 dixit
672 3451 745 3508 enim
763 3450 842 3508 initio
862 3445 917 3510 τὸν
938 3449 981 3522 είς
1002 3444 1129 3532 άπειρον
1149 3439 1264 3526 ἐκβάλ-

131 3543 243 3602 λοντα.
268 3544 297 3596 et
310 3539 350 3596 ita
363 3556 422 3596 non
438 3536 582 3595 vocabitur
600 3525 618 3593 ὅ
641 3527 768 3615 άπειρος
787 3527 904 3617 τρόπος
917 3536 1011 3610 (εἰναι
1024 3527 1156 3595 dicitnrd
1175 3526 1266 3595 διάλ-

133 3626 247 3705 ληλος)
275 3624 327 3683 sed
354 3613 370 3683 ό
400 3621 443 3694 είς
465 3615 592 3702 άπειρον
617 3614 788 3697 ἐκβάλλων.
828 3618 867 3680 εἰσ
893 3629 988 3681 autem
1013 3627 1043 3683 ¹et
1071 3621 1148 3700 apud
1176 3619 1263 3695 Diog.

133 3711 284 3772 Latrtium
311 3709 432 3768 habetur
461 3699 478 3768 ό
507 3703 551 3778 ἐἰς
576 3697 705 3788 άπειρον
726 3696 887 3784 ἐκβάλλων
907 3726 967 3765 non
995 3701 1169 3784 ἐμβάλλων.
1186 3704 1266 3762 κλᾶε

132 3798 208 3856 infra
282 3793 379 3854 .492.
415 3835 419 3843 .
605 3836 609 3842 .

222 3815 470 3942 Ξῗὶλιλοεοῐλόί
484 3869 501 3937 ό
515 3873 549 3938 tt
561 3873 623 3938 άπὸ
634 3881 691 3938 τοῦ
704 3872 782 3962 πρός
795 3877 836 3960 τι]
846 3879 912 3936 dicit
919 3860 1022 3936 sextus
1035 3867 1219 3955 simpliciter-ti
1231 3869 1267 3935 δὲ

136 3962 201 4028 άπὸ
215 3967 273 4044 τοῦ
286 3956 367 4047 πρός
377 3984 417 4024 τι.
444 3963 551 4022 Gellius
566 3964 603 4024 de
618 3963 698 4022 huius
716 3971 810 4023 sectae
830 3963 1000 4042 philosophis
1021 3963 1156 4038 loquens:
1178 3965 1269 4041 itaque

139 4073 229 4112 omnes
240 4054 343 4111 omniuo
352 4070 395 4109 reo
406 4069 472 4127 puae
481 4069 572 4108 sonmo
581 4049 713 4108 lominum
722 4056 834 4126 mouent,
846 4050 910 4110 τῶν
920 4041 999 4132 πρός
1012 4069 1041 4109 τι
1054 4068 1109 4106 esse
1124 4046 1270 4131 dicuntrid

137 4141 246 4198 nabunt
257 4139 395 4215 u'gnificut
405 4136 473 4194 utilit
489 4155 544 4194 cose
560 4139 699 4214 quicquum
713 4136 784 4214 quod
798 4155 832 4195 eu
846 4156 903 4195 sese
914 4142 1015 4195 constet
1028 4153 1075 4192 nec
1089 4133 1159 4209 quod
1169 4133 1270 4192 lubeat

138 4229 195 4285 nim
205 4227 346 4302 propriant
361 4229 388 4280 et
400 4226 525 4280 naturam
532 4263 542 4292 ‚
564 4221 611 4280 sed
634 4224 721 4295 omnia
737 4240 861 4298 prorsum
876 4221 914 4279 σά
928 4221 1031 4297 numid
1043 4219 1140 4297 cesari
1153 4220 1271 4294 taliaque
1283 4244 1299 4276 ·,

138 4310 239 4383 uideri,
251 4309 338 4385 qualis
349 4311 482 4366 uteorum
490 4311 588 4384 specim
601 4305 664 4366 dnm
676 4306 810 4379 uidentur,
824 4307 964 4384 qualiaque
972 4306 1046 4384 opud
1058 4323 1148 4363 ιιιιιαι
1154 4310 1270 4376 nostem,

140 4414 192 4472 pao
209 4399 401 4474 peruenerunt,
423 4398 562 4451 oriuntur:
581 4386 635 4452 non
655 4391 730 4472 apud
751 4413 821 4467 sese,
844 4391 912 4451 unde
929 4391 1054 4470 proferto
1069 4395 1140 4448 utut.
1162 4386 1271 4446 Aristo-

141 4472 348 4552 destiterit
374 4496 408 4543 τε
436 4467 523 4558 ἡμᾶς.
549 4469 651 4542 ἁπλοῦ
677 4475 729 4540 καὶ
751 4473 943 4562 ἀκραιφνοῦς
963 4467 1270 4555 ἀπολαμβάνεσθαι·
