2798 5198
125 296 202 355 mr
550 286 591 355 li.
611 286 818 357 S'l'lll'lldll'l

213 442 319 505 Veron
332 448 366 505 ut
379 444 497 507 lunden
511 444 665 525 uliqunndo
679 447 756 505 serio
766 446 845 525 loqui
865 445 992 527 incipian
1000 488 1012 519 ,
1032 448 1158 505 tuntum
1173 438 1259 513 nied,

125 538 159 591 nt
171 530 305 609 Sceptiee
318 532 442 591 unirnum
461 550 556 591 rneuin
569 534 598 591 in
618 531 665 591 illo
688 535 824 593 adversus
847 532 941 593 literas
961 534 1029 593 odio
1051 528 1259 599 ululirrunuerit,

126 624 161 677 ut
178 619 274 697 potius
294 616 346 695 pbr
364 618 509 694 quodum
529 612 780 699 ἀντιπερίστασιν
799 638 862 679 euos
883 619 935 677 illis
956 637 1003 680 oue
1022 612 1257 677 reconciliaverit.

125 708 269 775 uncte,
290 708 323 761 ut
345 703 400 761 icor
420 703 507 763 libere
528 711 558 761 et
579 705 704 781 ingenue
725 711 848 764 ruentem
869 724 960 763 meum
973 702 1173 783 pontefecium,
1192 697 1261 759 lrunr

126 795 256 847 noetrnrn
270 787 433 867 Scepticurn
453 787 567 847 niuirne
584 789 672 849 londo
690 790 719 847 in
738 808 793 864 eo,
815 791 893 868 quod
905 790 1010 869 ingenii
1022 787 1165 849 ucuruine
1177 783 1207 843 in
1220 802 1260 843 re·

125 872 255 937 tollendis
268 873 433 951 dogroatuir
445 874 554 933 ebusus
566 874 622 947 sit,
642 893 702 933 nou
721 874 813 935 solum
830 876 859 935 in
882 876 915 935 iis
922 916 934 947 ,
955 894 1031 953 quoe
1044 871 1143 945 mule,
1167 888 1261 931 van!

127 960 212 1019 elisur
225 960 257 1017 in
269 958 318 1031 iis,
339 976 415 1036 quoe
428 966 506 1019 reete
519 958 558 1017 nli
570 959 623 1017 illis
635 960 712 1019 dieto
726 960 848 1019 luerunt.
879 980 934 1037 ego
954 960 1095 1039 siquidem
1118 974 1185 1015 non
1199 956 1261 1033 quid

126 1044 188 1103 fieri
200 1043 349 1115 debuerit,
371 1045 423 1105 red
437 1044 506 1122 qnid
520 1046 625 1105 lectum
640 1038 743 1116 luerit,
765 1064 860 1107 norro.
883 1062 1056 1123 quemquern
1071 1044 1098 1103 si
1114 1042 1262 1109 eunoun

126 1130 207 1189 mlh
220 1128 312 1189 oriens
325 1130 487 1206 eligendum
502 1130 537 1191 sit
544 1173 556 1202 ,
577 1128 749 1189 tolerabilior
765 1131 869 1209 ignaru
881 1132 1078 1211 Sceptieorurn
1103 1126 1221 1208 epoche
1237 1128 1262 1183 'n

127 1214 297 1293 quibusdum
320 1215 554 1291 qusuuuoitus,
575 1234 661 1293 quoru
684 1216 835 1294 impudens
857 1224 888 1275 et
910 1217 1059 1275 ouante
1071 1211 1263 1291 Dogmntico·
1303 1286 1306 1293 Ι

5 1314 9 1325 ·
126 1318 191 1365 rurn
205 1302 385 1377 quorundum
398 1301 539 1373 nuntio,
559 1301 660 1360 rnerito
675 1301 762 1360 rideri
776 1304 875 1381 possit.
905 1303 943 1361 do
963 1302 997 1359 iis
1017 1308 1120 1361 uutern
1136 1300 1263 1377 dispuls-

127 1385 252 1445 tiooilinr
265 1384 385 1462 loquor,
402 1403 455 1464 per
470 1404 542 1462 quus
556 1384 593 1445 illi
607 1405 643 1447 en
655 1387 758 1459 uiam,
779 1404 901 1464 quorurn
922 1404 942 1445 n
960 1386 1018 1445 suis
1037 1385 1179 1446 sensibus
1201 1402 1264 1443 con·

127 1470 333 1545 vincebantur,
365 1470 521 1547 urgebunt.
563 1476 626 1529 uter
649 1471 741 1544 enirn,
770 1473 909 1545 obsecro,
930 1472 1043 1549 grnrius
1064 1472 1096 1529 in
1110 1470 1265 1547 ,renutu

127 1562 247 1636 peccet,
268 1556 353 1613 illene
366 1556 415 1654 gip
428 1555 541 1615 dubitet
561 1555 632 1631 (lroc
650 1556 724 1615 enirn
747 1550 906 1637 exemplum
925 1556 1088 1636 proienrn)
1109 1542 1216 1615 iirotus
1236 1554 1267 1611 rit

127 1658 238 1715 necne,
260 1645 293 1699 ut
312 1640 451 1719 Sceptici,
473 1659 512 1701 su
533 1638 578 1699 ille
596 1642 646 1719 qui
667 1640 774 1700 nullum
796 1660 860 1701 esso
884 1649 996 1701 motum
1012 1642 1107 1701 nudet
1129 1658 1267 1711 umere,

128 1734 163 1788 nt
180 1726 412 1804 llogouticorunr
426 1726 503 1785 Mun
518 1724 606 1804 pnrsi
632 1732 663 1785 et
683 1727 722 1785 de
740 1726 799 1785 eliis
820 1728 935 1805 quius·
956 1744 1055 1787 eorum
1074 1726 1120 1785 nd
1135 1730 1267 1787 everten-

129 1814 198 1873 drru
212 1818 321 1871 nom
335 1812 502 1871 commentis
515 1810 601 1872 olins:
621 1818 654 1870 ct
674 1811 744 1871 illud
764 1813 836 1871 πίσω
849 1831 935 1873 muso
947 1810 1200 1872 wuueuorsbo.
1228 1811 1267 1869 “ii

130 1898 201 1977 quid
215 1896 375 1969 novetur’,
395 1898 511 1957 sebon
525 1900 599 1955 “out
611 1898 639 1955 iu
654 1914 691 1959 eo
704 1899 732 1956 iu
748 1916 807 1976 quo
821 1908 866 1957 est
881 1898 944 1958 loco
957 1903 1102 1969 moretur,
1118 1903 1178 1961 nnt
1193 1897 1224 1955 in
1236 1914 1267 1955 eo

130 1987 160 2045 in
174 2002 235 2063 qno
249 2000 307 2043 non
323 1989 377 2045 ert.
405 1982 486 2059 utqui
499 2000 596 2060 neque
608 1983 636 2041 iu
652 2000 688 2043 co
703 1981 766 2043 loco
780 1988 911 2043 moretur
924 1986 953 2043 iu
967 2002 1026 2061 quo
1049 1988 1098 2051 eet
1112 1986 1269 2041 *munet

130 2071 205 2131 eninr
220 2100 263 2115 -
277 2084 333 2129 oce
345 2069 374 2129 io
388 2086 424 2127 co
438 2067 502 2128 loro
517 2068 621 2147 inquo
634 2087 693 2127 non
709 2075 754 2127 est
766 2100 810 2117 -
824 2070 969 2147 quomodo
992 2069 1066 2129 euim
1087 2087 1186 2151 ogere
1206 2084 1270 2149 pot·

132 2157 170 2217 sit
190 2156 219 2214 iu
243 2174 280 2215 co
304 2152 385 2227 loto,
405 2154 435 2213 in
457 2172 515 2231 quo
536 2172 574 2213 ns
592 2154 629 2212 sit
649 2154 763 2232 quidem
777 2174 837 2225 -ς
855 2154 921 2215 nihil
938 2174 1008 2234 ergo
1021 2154 1195 2215 movetur&
1223 2153 1270 2213 lroe

130 2246 324 2301 eomrueutunr
345 2258 410 2299 erim
424 2238 555 2298 Diodoro
577 2238 744 2319 plu'losophu
767 2241 928 2319 dogurutieo
949 2258 1136 2320 summopere
1157 2239 1270 2320 placere

132 2328 216 2387 sciret
230 2324 382 2404 Eroplrilus
401 2325 544 2399 nedteuc·
562 2325 729 2385 incetnsimo
749 2326 777 2384 in
799 2344 866 2385 euru
881 2344 961 2387 suom
975 2326 1048 2385 illurn
1061 2326 1216 2403 argutiam
1230 2342 1271 2385 re·

131 2414 225 2471 torsit.
255 2430 323 2470 nour
342 2428 406 2471 eum
424 2411 448 2469 is
469 2409 566 2469 lurotu
587 2410 662 2469 torte
678 2411 796 2471 ionem
814 2413 853 2471 sd
875 2430 941 2470 cunr
964 2432 1023 2471 uon
1039 2406 1269 2492 philoooplriton

131 2499 184 2555 rod
198 2498 336 2557 ruedkoro
356 2514 442 2577 opern
456 2496 609 2575 implorans
627 2496 769 2569 venisset,
790 2495 960 2565 “medere'’
983 2497 1076 2576 iuquit
1096 2494 1147 2557 ille
1169 2496 1271 2555 “lurr-

5 2638 9 2647 .
132 2592 195 2643 tun
207 2583 258 2641 tibi
274 2582 421 2641 horruerunt
436 2598 489 2639 ruo
503 2580 566 2640 loco
581 2580 719 2643 decidisse
740 2584 886 2660 quomodo
907 2582 972 2642 rnilii
986 2580 1205 2662 persuadebis?
1226 2586 1271 2641 sui

132 2670 206 2727 enisi
226 2668 255 2725 in
278 2686 338 2744 quio
359 2672 422 2726 eret
440 2667 505 2726 loco
526 2667 660 2727 temous
681 2668 802 2740 decidit,
823 2674 875 2727 eut
894 2670 998 2747 inquo
1012 2686 1072 2727 non
1088 2674 1177 2741 παις
1197 2666 1271 2743 ntqni

133 2772 192 2815 non
206 2752 312 2813 desidit
329 2752 359 2811 io
379 2751 462 2823 loco,
482 2752 512 2810 iu
527 2772 587 2831 quo
602 2759 666 2811 erut
677 2768 721 2799 ·'-
734 2772 855 2823 mouens
868 2754 942 2813 eninr
955 2754 1090 2813 desidere
1105 2772 1173 2813 non
1190 2758 1270 2835 pote·

132 2844 234 2899 ret-
248 2857 302 2897 uec
314 2856 383 2896 vero
397 2836 503 2897 decidit
515 2837 546 2897 in
560 2837 639 2911 ioco,
661 2838 691 2897 in
705 2858 764 2916 quo
778 2858 838 2899 nou
848 2846 929 2912 erct3
951 2857 1017 2899 num
1030 2842 1209 2917 quomodo,
1229 2838 1271 2897 nii

132 2942 193 2985 rum
208 2924 262 2998 sit,
280 2942 370 2999 ¹ogere
384 2922 499 3001 possiti
524 2942 593 2999 ergo
606 2922 657 2981 tibi
675 2923 807 2985 hunnus
830 2924 941 2984 lurutus
961 2942 1021 2983 uon
1042 2924 1117 2987 estl’.
1149 2931 1186 2983 et
1208 2924 1271 2983 ure

133 3008 246 3088 quiden
261 3007 438 3089 festivissime
450 3006 616 3087 Eropnlos.
636 3026 690 3067 nos
703 3015 800 3069 eutem
822 3015 855 3069 ut
873 3008 988 3069 ludicris
1008 3010 1122 3091 orrpissis
1142 3010 1188 3069 nd
1204 3010 1270 3069 reris

133 3094 298 3165 uminum,
320 3091 505 3169 Dogmnticos
518 3112 583 3153 curn
597 3094 733 3172 Scepticis
747 3095 777 3153 in
791 3094 837 3154 dei
850 3095 951 3154 notitia
968 3112 1185 3175 corriperentur.
1214 3095 1271 3172 quir

133 3180 224 3241 nescit
246 3176 637 3258 nogentem-plurimos
657 3196 692 3239 er
710 3177 757 3237 illu
776 3198 829 3241 sue
850 3179 913 3258 plue
934 3198 1020 3258 quern
1040 3179 1190 3239 ffirenete
1203 3180 1271 3239 indi·

133 3265 217 3325 cendi
235 3264 353 3323 sudreie
376 3282 441 3325 cum
462 3264 573 3323 divinus
596 3264 793 3343 providentioe
812 3264 893 3327 uelut
915 3282 1049 3325 censores
1069 3282 1135 3325 eoru
1162 3284 1202 3325 ex
1223 3284 1269 3323 rso

132 3368 221 3411 renen
241 3349 426 3423 metirentur,
447 3350 475 3407 in
499 3342 663 3427 ἀθεότητα
680 3368 743 3409 esse
763 3350 880 3431 leprosi
905 3357 938 3409 ot
950 3350 1133 3430 Sceptici³ex
1153 3350 1192 3409 iis
1212 3351 1270 3428 qui-

133 3438 217 3507 done,
241 3452 317 3513 quse
331 3434 368 3493 de
383 3435 438 3492 deo
452 3432 609 3513 philosophi
624 3441 774 3513 utromque
793 3438 823 3495 iu
837 3442 949 3516 partem
971 3436 1177 3516 d'uputrrent,
1201 3432 1271 3497 dne·

129 3515 191 3601 χῆν
211 3519 324 3593 induci,
346 3538 378 3577 se
392 3525 505 3592 umen,
527 3538 591 3580 curn
612 3520 804 3589 observationi
824 3540 922 3581 eorurn
945 3539 1021 3599 quoe
1033 3521 1072 3580 ud
1087 3520 1182 3581 sitnm
1198 3540 1271 3583 oon·

132 3624 246 3667 munem
261 3605 407 3685 pertinent
418 3604 648 3682 acquiescerent,
669 3605 793 3667 nitunt
807 3607 942 3667 instinctu
956 3607 995 3665 ad
1014 3600 1202 3677 credendum
1216 3625 1273 3667 nore

133 3692 236 3760 detrun,
259 3689 338 3749 cuius
353 3690 533 3769 providentio
546 3690 641 3751 omnin
654 3691 902 3769 gubernarentur,
923 3698 953 3751 et
975 3691 1013 3751 nel
1034 3708 1099 3751 eum
1116 3692 1273 3751 colendum

132 3776 386 3854 reuerendumque
409 3774 513 3855 impoli
539 3775 679 3835 dieebuut.
709 3794 785 3854 quoe
805 3777 934 3854 quumvis
953 3777 992 3837 ite
1013 3776 1087 3852 siut,
1120 3776 1273 3858 Scepticct

132 3871 229 3923 turem
243 3880 299 3923 uec
311 3862 372 3940 ipre
386 3860 482 3919 iactor
496 3878 561 3921 esse
574 3858 715 3941 ueclnlioc
724 3862 851 3925 lautores
865 3863 980 3923 efficere
998 3862 1091 3922 selim.
1122 3867 1211 3923 “crn·
1222 3865 1273 3941 igi·

132 3950 199 4011 tur”
214 3949 290 4008 dicet
303 3946 402 4023 uliquis
418 3945 540 4005 “librum
554 3946 630 4005 huuc
643 3946 743 4007 edid'i
759 3948 879 4028 primurn
894 3954 930 4006 ut·
940 3948 1030 4007 nostri
1044 3946 1132 4005 seculi
1140 3946 1272 4027 Dogm-

133 4035 204 4096 ticos
224 4034 325 4113 impios
345 4031 526 4111 philosophos
540 4033 578 4091 ad
598 4031 735 4091 insoniuru
755 4034 888 4111 redigen.
919 4032 957 4091 ed
975 4032 1112 4092 insoniam
1126 4036 1271 4113 redigen,

134 4118 219 4181 dicul
247 4120 304 4179 iuro
325 4136 394 4176 sero
415 4123 447 4175 ut
471 4136 520 4177 cos
545 4136 654 4177 sunem.
682 4118 706 4176 si
729 4119 803 4179 euius
822 4120 963 4178 contrariu
977 4117 1191 4179 contrariorum
1206 4126 1272 4179 eunt

134 4204 276 4277 remedio,
298 4222 364 4282 spes
379 4212 422 4263 est
437 4203 515 4275 iore,
539 4208 572 4261 ut
595 4221 681 4281 quem
695 4202 732 4261 illi
747 4223 781 4263 ex
795 4204 961 4282 dogmaticis
983 4202 1160 4283 philosophis
1175 4206 1275 4286 inspie-

134 4293 200 4351 tntis
215 4290 343 4349 morbum
359 4294 572 4361 contruxerunt,
590 4306 624 4348 er
637 4307 673 4348 eo
687 4288 906 4368 Epiroticorum
921 4308 978 4367 ope
991 4291 1140 4348 sanentur.
1167 4292 1274 4351 deiude

134 4385 166 4437 ut
181 4376 326 4436 modestos
341 4372 532 4453 philosophiae
546 4373 681 4447 cultores,
704 4394 753 4434 cos
770 4376 881 4446 ridelit‚
903 4376 951 4453 qui
965 4392 1026 4433 eom
1039 4374 1274 4451 ¹moderationum

134 4466 163 4522 iu
177 4464 236 4521 eius
251 4461 345 4520 studio
360 4460 505 4532 adhibent,
528 4464 560 4518 ut
575 4478 608 4518 er
623 4460 751 4537 prolenis
766 4461 829 4521 nihil
844 4468 941 4521 umen
955 4460 1107 4539 profanum
1120 4460 1274 4535 imbibunt,

135 4548 231 4609 lutere
244 4546 408 4627 longissimo
429 4546 583 4625 taedioque
602 4545 724 4609 maduo
747 4545 849 4609 lesen.
878 4565 945 4607 uon
965 4551 1174 4628 praetensum
1194 4549 1276 4629 quod
