2798 5198
135 170 138 185 ¹
195 229 259 309 ‚m
279 226 491 309 rrunnon.
505 204 664 319 anui,
680 224 834 298 annor.
848 227 977 296 naun.
990 225 1217 303 ,srlroruisur>
1237 226 1304 306 aar
1328 219 1331 224 ·

167 381 271 442 alicubi
291 383 406 460 quidem
428 400 481 461 per
506 379 698 461 periphrasin,
727 383 799 460 quod
826 375 1011 463 comprehendi
1034 385 1122 459 poscit
1140 380 1208 440 item
1233 379 1305 458 qood

167 472 275 545 percipi
292 473 396 545 possit:
416 469 559 526 interdurn
574 487 642 525 vero
658 474 687 525 et
702 487 760 524 uno
776 468 863 525 verbo
879 467 1106 543 comprehensibile
1126 467 1230 537 reddit,
1251 465 1305 523 sed
1395 524 1398 531 ,

168 555 260 631 petita
282 561 378 612 tamen
399 557 466 610 ante
487 555 579 612 venia.
617 559 647 610 at
668 546 891 630 ἀκατάληπτον
912 553 1007 609 itidem
1033 572 1091 609 una
1112 571 1183 608 voce
1203 555 1304 609 iucom-

164 638 341 715 prehensibile
363 656 503 714 nusquam
525 639 560 694 ab
576 656 610 695 eo
626 639 732 695 dictum
749 638 901 714 comperio.
933 658 990 713 quo
1012 643 1126 708 tamen,
1146 637 1304 712 analogiam

166 741 311 798 sequens,
343 725 385 780 uti
404 724 517 780 minime
538 723 675 783 dubitavi.
704 729 734 780 at
756 741 832 794 vero⁴
847 718 1069 800 ἀκαταληψίαν
1091 740 1150 779 non
1171 723 1239 779 item
1260 724 1304 779 in-

165 810 475 884 comprehensibilitatem
494 809 674 885 interpretari
695 826 780 864 ausus
802 827 880 882 sum,
912 810 991 883 quod
1019 807 1110 864 nullas
1133 806 1192 870 nisi
1220 825 1306 881 agre·

127 902 129 907 '
164 897 226 949 stes
249 912 332 952 aures
353 893 381 950 id
403 911 489 970 posse
509 895 583 950 serre
610 893 770 950 iudicarem.
796 893 919 968 ideoque
941 894 1037 968 quod
1041 892 1117 949 initio
1139 891 1221 948 huius
1243 890 1306 947 libri
1393 957 1396 973 Ι

163 978 234 1035 dicit
255 979 359 1036 Sextus
379 973 602 1057 ἀκαταληψίας
620 971 807 1057 ὁμολογίαν,
830 978 1031 1055 interpretatus
1054 996 1131 1049 sum,
1154 997 1173 1035 a
1191 997 1219 1034 se
1233 994 1305 1035 com-

161 1062 298 1141 prehendi
309 1082 363 1120 nou
373 1083 453 1140 posse
460 1062 617 1141 fateantur.
632 1065 777 1122 sciendum
792 1067 836 1119 est
850 1067 944 1120 autern
960 1062 1074 1139 reperiri
1088 1063 1173 1125 etiam
1186 1055 1306 1118 ἀκατα-
1392 1120 1395 1125 ,

163 1144 279 1224 numm
298 1168 364 1206 eum
391 1149 469 1250 apud
494 1148 582 1219 alios,
616 1155 677 1205 tum
698 1148 777 1244 apud
805 1147 881 1206 hunc
905 1153 1034 1205 nostrum
1059 1146 1196 1222 Sextum,
1228 1146 1305 1225 idern

164 1231 266 1289 valeus
288 1233 366 1308 quod
389 1228 425 1293 οὐ
448 1226 724 1308 καταλαμβάνω,’
716 1252 734 1290 ι.
757 1251 783 1289 e.
804 1251 856 1288 non
877 1231 1081 1308 comprehendo,
1102 1249 1155 1289 nou
1172 1233 1303 1314 percipio.

164 1336 258 1395 porro
287 1318 478 1375 Ciceronianis
507 1318 582 1375 hisee
612 1317 890 1419 interpretationibus
918 1316 1011 1375 licebit
1039 1318 1161 1375 sortasse
1182 1308 1305 1392 aliquam

164 1401 291 1476 addere,
322 1408 355 1459 ut
376 1402 506 1461 videlicet
531 1393 732 1505 καταληπτόν
763 1420 823 1461 non
852 1400 942 1462 solum
972 1401 1218 1477 comprehensibile,
1251 1399 1305 1457 sed

166 1487 254 1544 etiarn
271 1489 442 1563 perceptibile
463 1495 492 1545 et
514 1478 735 1563 ἀκατάληπτον
757 1506 817 1544 non
832 1492 943 1545 tantum
965 1486 1231 1570 incomprehensibile,
1254 1502 1304 1540 r-e
1393 1548 1396 1553 .

166 1589 232 1628 nuru
255 1572 337 1628 etiam
358 1573 564 1648 imperceptibile
578 1578 729 1629 vertamus.
760 1589 834 1669 quae
856 1590 907 1628 cur
928 1589 1112 1648 aspernemur
1132 1566 1199 1633 nihil
1221 1568 1304 1627 video

165 1650 250 1737 (utar
272 1657 346 1713 enirn
367 1657 447 1716 Fabii
468 1654 586 1736 verbis),
609 1657 661 1715 nisi
683 1656 790 1731 quod
783 1656 870 1730 miqui
893 1655 999 1714 iudices
1020 1657 1156 1713 adversus
1178 1670 1233 1711 uos
1254 1671 1306 1710 su·

165 1758 248 1812 runs,
276 1741 401 1816 ideoque
428 1746 597 1819 paupertate
627 1739 763 1799 sermonis
789 1739 958 1798 laboramus.
998 1758 1051 1816 ego
1074 1745 1151 1797 certe
1171 1738 1200 1795 in
1221 1737 1304 1794 buius

167 1823 231 1883 libri
252 1825 489 1902 interpretatione
509 1826 583 1883 hanc
603 1825 632 1882 in
654 1812 764 1902 partlm
785 1842 823 1881 ne
844 1842 990 1901 peccarem
1014 1823 1234 1901 operamdedi,
1256 1820 1305 1897 qui

137 1927 231 1967 -uuron
252 1907 364 1969 tantum
385 1929 431 1969 arr
453 1915 489 1968 ‹et
518 1913 650 1980 essentia,
681 1909 734 1967 sed
754 1907 807 1967 elia
827 1908 916 1967 multo
939 1909 1051 1967 duriora
1082 1903 1240 1978 vocabula,
1267 1905 1304 1976 ei,

118 2036 124 2043 -
166 2001 292 2068 cogente
312 1995 497 2065 necessitate,
520 1994 648 2052 adhibui.
672 1994 774 2070 quibus
797 1993 890 2051 donec
910 1993 1052 2051 meliora
1045 2013 1073 2051 ru
1088 1993 1178 2055 lucem
1191 1989 1305 2090 prolata

120 2120 123 2127 .
163 2077 292 2150 heaut,
318 2079 460 2136 neminem
483 2080 532 2153 qui
551 2078 636 2137 iudex
656 2097 764 2153 aequus
786 2096 848 2137 esse
869 2076 1006 2150 voluerit,
1032 2078 1202 2137 offensum
1195 2078 1226 2134 rri
1248 2077 1304 2133 exi·

149 2162 262 2221 ntimo.
293 2163 346 2220 sed
367 2169 400 2220 ut
422 2163 461 2223 ad
480 2155 660 2240 κατάληψιν
682 2169 825 2235 revertar,
848 2165 907 2220 eius
925 2163 1061 2239 originem
1083 2144 1207 2221 declarat
1228 2150 1304 2218 idem

131 2246 280 2318 tCioorr,
301 2248 340 2305 itu
355 2249 524 2307 scribensiu
545 2249 647 2307 eodem
663 2246 783 2307 lucullo
806 2269 830 2306 c.
845 2248 926 2321 Alis.
945 2245 1022 2305 145:
1043 2248 1094 2309 boc
1108 2247 1211 2325 quadem
1226 2244 1302 2311 Zeno
1329 2250 1332 2255 '

143 2337 248 2407 ··gesn
262 2331 398 2410 faciebat.
432 2352 495 2392 nam
516 2353 574 2392 cum
589 2337 706 2391 estensis
726 2333 824 2407 digitis
846 2298 989 2391 adbersum
1010 2352 1116 2391 marcum
1138 2331 1301 2401 orteocderot,

131 2419 264 2490 mirum,
288 2419 440 2494 inquiebat,
462 2419 613 2475 huiuamodi
636 2424 686 2480 est.
719 2417 814 2474 deinde
836 2437 894 2475 cum
913 2418 1025 2494 paulum
1046 2417 1149 2493 digitos
1169 2419 1303 2474 constrin-

159 2507 416 2573 ceramussense
447 2503 608 2560 huiusmodi
655 2509 710 2560 tum
734 2521 792 2560 curn
816 2502 864 2578 plu
865 2522 897 2558 ue
920 2508 1110 2586 compresserat
1132 2503 1302 2577 pugnumque
1336 2566 1343 2581 Ι

153 2544 283 2663 feccral,
305 2588 555 2686 comprehensionem
578 2588 654 2651 ollam
675 2607 730 2645 esse
750 2587 864 2645 dicebat.
892 2606 946 2663 qua
967 2604 1001 2642 ec
1018 2580 1197 2645 similitudine
1222 2587 1323 2642 etinm'

145 2689 257 2729 maren
272 2674 363 2743 cira,
386 2672 456 2748 quod
471 2679 533 2747 ante
547 2671 719 2748 consuerat,
741 2663 920 2771 autaliquem
935 2662 1072 2747 imperial.
1095 2670 1235 2739 hactenus
1247 2667 1300 2725 ille.

161 2774 199 2812 ex
221 2755 301 2812 euius
322 2762 368 2812 tot
389 2756 481 2812 verbis
502 2757 617 2814 abunde
632 2757 762 2813 discimus
777 2749 956 2832 κατάληψιν
971 2755 1221 2841 comprehensionem
1243 2753 1302 2809 sive

151 2843 356 2916 perceptionem
378 2840 485 2898 debere
512 2842 602 2899 reddi.
633 2859 732 2897 verum
753 2839 1036 2899 animadvertendum
1058 2847 1103 2896 est
1124 2859 1173 2898 ver
1175 2840 1196 2895 ti
1218 2840 1301 2895 etiam

159 2925 369 2999 cognitionem'
363 2944 392 2981 ru
414 2943 472 2981 uno
495 2943 529 2983 ex
549 2925 600 2981 illis
622 2943 696 3000 quos
718 2923 861 2981 attulimus
882 2924 960 2983 locis.
991 2925 1036 2983 cui
1056 2924 1189 2983 convenit
1203 2924 1247 2980 hic
1262 2923 1300 2978 de
1317 2924 1327 2973 '.

159 3006 259 3067 Piuib.
281 3007 364 3068 lib.3
386 3028 412 3081 c.
429 3007 449 3065 5
470 3013 636 3084 cognitiones
656 3015 759 3078 autem,
781 3009 823 3066 uel
843 3009 885 3082 (si
902 3008 968 3066 hoec
986 3008 1068 3067 uerba
1088 3013 1174 3068 minus
1191 3009 1301 3083 placent

158 3098 213 3151 cut
226 3095 313 3151 minus
333 3093 535 3168 intelliguntur,
557 3088 750 3170 καταλήψεις
770 3094 932 3168 appellemus
952 3094 1029 3166 licet)
1049 3114 1096 3151 cus
1116 3097 1202 3167 igitur
1224 3094 1301 3166 sinsus·

156 3183 274 3253 propter
295 3198 323 3233 se
344 3179 513 3236 conscendas
539 3179 720 3247 arbitramur,
745 3178 816 3254 quod
835 3178 951 3234 habeant
976 3177 1104 3254 quiddam
1124 3181 1154 3234 in
1175 3177 1302 3250 sequaci

161 3263 328 3337 complexum
357 3268 383 3318 el
411 3267 546 3320 continens
574 3265 724 3320 ueritatem.
759 3261 814 3318 sed
839 3263 869 3317 in
897 3260 992 3318 multis
1019 3261 1223 3339 exemplaribus
1246 3278 1299 3336 pro

161 3349 330 3420 cognationes
359 3347 513 3423 depravate
539 3346 644 3420 legitur
670 3348 856 3419 cogitationes.
894 3344 962 3420 quiu
994 3346 1078 3403 etiam
1110 3351 1141 3401 ut
1168 3345 1242 3402 idem
1269 3344 1300 3398 iu

125 3480 128 3485 .
162 3431 290 3507 quodam
321 3429 383 3487 loco
404 3429 515 3488 Luculli
543 3429 629 3507 paulo
655 3436 725 3487 ante
755 3430 839 3487 citato
869 3423 1048 3506 κατάληψιν
1076 3429 1137 3487 vult
1165 3447 1227 3488 esse
1249 3431 1299 3484 aut
1386 3490 1387 3495 .

160 3517 339 3589 cognitionum
359 3520 409 3570 arnt
426 3518 622 3590 perceptionem
642 3520 693 3570 ant
721 3514 989 3590 comprehensionem,
1018 3515 1059 3573 ita
1082 3513 1145 3573 alibi
1167 3521 1225 3572 tres
1247 3513 1299 3570 bos

143 3599 313 3657 :inaurium
336 3599 497 3674 coniungit,
519 3602 594 3656 nosci
611 3601 717 3675 percipi
731 3598 923 3676 comprehendi,
954 3599 1052 3659 itidem
1076 3618 1144 3657 vero
1167 3605 1196 3658 et
1214 3602 1299 3674 quat-

126 3726 132 3737 .
158 3689 227 3741 tuor
249 3682 318 3742 haec
342 3684 487 3760 partieipia
508 3687 655 3760 congerit,
686 3685 864 3761 comprehensi
879 3687 1002 3761 percepti
1024 3687 1128 3759 cogniti
1150 3676 1298 3742 constituti.

110 3814 114 3835 ,
158 3768 200 3825 ita
218 3768 294 3825 euim
316 3767 344 3824 iu
366 3767 505 3840 Lucullo,
537 3770 614 3826 unde
637 3776 666 3826 et
691 3769 816 3845 proxime
835 3771 1039 3846 praecedentes
1060 3769 1189 3829 infinitivi
1218 3767 1299 3844 petiti

128 3896 131 3903 .
158 3858 229 3911 sunt
237 3880 248 3922 ‚·
271 3852 381 3911 scribit:
404 3872 502 3931 quaero
524 3857 621 3923 ctiam,
644 3855 690 3910 ille
710 3857 753 3911 uir
770 3855 853 3911 boreus
867 3857 914 3931 qui
927 3858 1025 3911 ctat-uit
1039 3871 1139 3921 omnem
1153 3856 1299 3910 munatium

125 3950 128 3955 “
152 3937 297 4016 perferre,
322 3939 487 3996 intolerabili
500 3939 592 3996 dolore
608 3940 725 3996 lucmori
735 3943 827 4013 potius
841 3956 921 4014 quom
939 3943 988 3997 out
1002 3937 1121 4016 officium
1131 3937 1235 4014 prodat
1249 3943 1298 3994 aut

147 4023 257 4102 fidem,
286 4043 332 4081 cur
350 4023 401 4080 has
423 4024 477 4080 sibi
497 4030 554 4082 tom
574 4041 673 4097 moues
695 4022 767 4096 leges
787 4024 944 4099 imposuerit
965 4041 1040 4094 cum,
1069 4024 1235 4099 quamobrem
1256 4024 1299 4079 itu

148 4114 312 4186 ··oponoa,
337 4109 405 4167 nihil
424 4108 532 4166 haberet
554 4106 732 4205 comprehensi
749 4110 871 4185 percepti
889 4110 994 4181 cogniti
1017 4110 1164 4165 constituti.
1196 4107 1233 4164 de
1254 4104 1298 4161 his

155 4198 258 4253 autem
280 4191 347 4251 locis
369 4193 438 4270 quid
457 4192 597 4265 dicemus,
620 4192 649 4249 in
670 4209 793 4266 quorum
816 4210 875 4251 una
896 4191 996 4249 Cicero
1018 4195 1093 4249 nosci
1107 4195 1214 4269 percipi
1226 4209 1298 4247 com-

146 4277 305 4357 prehendi,
332 4279 361 4334 in
383 4278 472 4335 altero
495 4277 673 4354 comprehensi
689 4279 812 4352 percepti
833 4279 936 4351 cogniti
957 4276 1088 4333 distincte
1092 4276 1207 4354 ponit,
1234 4295 1299 4332 cum

154 4362 225 4420 alibi
247 4381 282 4420 ea
301 4352 481 4440 ioodo‘uupu
502 4379 565 4421 esse
589 4361 727 4431 voluerit,
765 4366 795 4418 et
823 4360 905 4420 uobis
931 4344 1110 4438 κατάληψια
1140 4358 1184 4417 vel
1206 4381 1252 4434 co
1239 4363 1300 4416 rni-

155 4451 259 4556 tionem
280 4447 325 4506 rel
347 4451 539 4524 perceprtionem
568 4447 614 4507 vel
641 4403 892 4523 complebenn'oncm
919 4446 1099 4529 interpretari
1121 4451 1276 4523 pennrsen
1264 4442 1299 4501 ‘l

1034 4524 1094 4588 ΧΩ
