2782 5190
158 148 166 157 -
329 112 514 192 'annon
535 120 663 191 mvn
684 118 901 192 summm.
1132 68 1267 233 ano¹

10 336 27 365 ,
69 290 136 335 nun
153 278 192 335 ru
211 279 325 338 aaran
345 296 432 338 rmum
452 279 485 339 du
505 298 557 359 quo
580 279 686 340 decane·
704 284 880 361 comitatique
893 284 989 359 poerit.
1019 302 1053 343 uc
1065 300 1098 341 ne
1110 283 1202 343 uidere

29 414 33 421 .
70 378 174 439 meopte
183 363 266 439 plene
279 366 418 441 puthrmm
432 384 479 424 uec
493 366 587 425 audere
599 386 654 425 rere
663 373 775 445 putant,
790 369 838 425 ced
851 370 892 425 itu
904 372 970 445 potr·
982 367 1107 447 officique
1121 373 1202 449 puori

50 446 184 507 ,uideant
206 448 250 507 uel
268 449 402 508 audient:
423 470 504 528 capue
527 454 590 529 ipsu
611 471 679 529 quoe
698 452 851 528 affectiones
870 457 940 511 istus
954 456 983 510 in
997 472 1052 511 cese
1067 453 1198 532 effictam,

69 532 166 608 qualia
180 538 207 590 et
220 535 368 593 cuirumodi
379 539 450 607 ent,
474 543 629 597 cunctantur
651 544 730 615 atque
747 540 883 595 insistunt.
916 537 986 596 haec
1000 536 1117 599 Gellius.
1147 541 1199 598 sed

65 614 127 674 hoe
147 617 310 676 addendum
332 620 458 693 videtur,
492 617 679 681 σκέπτεσθαι
711 641 798 698 quum
818 622 856 679 ad
876 621 1069 701 Sceptieorum
1092 630 1199 681 sectam

67 700 213 776 refertur,
233 722 293 760 non
315 705 368 761 dici
381 704 438 763 late
452 707 489 764 de
504 707 627 783 qualibet
641 707 866 781 consideratione
882 725 932 764 seu
952 709 1201 780 commentatione,

66 786 121 844 sed
135 787 174 865 apl
187 788 260 846 illam
274 791 404 866 restringi
418 808 493 868 quae
512 797 557 850 est
575 790 693 849 hominis
715 782 926 873 responsionem
947 793 985 851 ad
1006 797 1200 870 quaestionem

65 870 107 931 de
127 871 187 948 qna
203 874 394 951 interrogatus
417 876 501 933 fuerit
523 877 700 949 meditantis,
723 895 845 953 eamque
865 882 915 934 aut
935 877 1128 935 affirmativam
1150 882 1201 935 aut

61 957 243 1033 negativam.
259 950 428 1017 ¹huiusmodi
442 966 536 1018 autem
550 958 764 1038 ¹responsionem
785 980 868 1018 nemo
884 980 1018 1037 umquam
1031 980 1049 1019 a
1063 962 1210 1039 Scepticis·
1306 971 1310 980 ’

67 1043 234 1116 extorserit,
256 1062 291 1101 eo
306 1046 384 1120 quod
399 1045 467 1103 dum
482 1039 680 1119 σκέττονται,
702 1046 799 1104 dicunt
820 1045 871 1103 sibi
885 1046 1025 1104 contraria
1041 1046 1112 1103 cirea
1125 1047 1200 1103 idern

66 1142 223 1205 apparere,
249 1128 373 1205 ideoque
392 1129 486 1187 omnia
507 1130 573 1188 talia
593 1148 748 1211 apparere,
775 1134 954 1213 utuaequum
981 1130 1096 1210 pondus
1120 1125 1200 1211 πρὸς

66 1207 174 1270 πίστιν
187 1211 310 1269 habeant
324 1219 353 1270 et
366 1208 446 1296 πρὸς
462 1210 619 1276 ἀπιστίαν.
646 1216 724 1273 unde
736 1216 769 1273 fit
785 1221 817 1273 ut
831 1234 984 1291 numquam
1000 1215 1072 1273 ultra
1087 1212 1197 1291 σκέψιν

66 1290 265 1371 egrediantur,
288 1299 339 1354 sed
358 1300 387 1355 in
402 1318 435 1356 ea
449 1306 589 1378 perpetuo
604 1300 688 1389 defixi
708 1305 851 1360 maneant.
876 1301 1023 1371 sinautem
1045 1303 1122 1379 apud
1137 1302 1196 1357 Xe«

65 1380 246 1458 nophontem
261 1382 363 1439 dieitur
376 1379 582 1457 ordenandus,
605 1387 653 1464 quj
674 1384 777 1461 aliquid
797 1384 956 1443 considerat
977 1385 1013 1442 de
1033 1404 1092 1459 quo
1107 1385 1198 1441 inter-

65 1470 188 1540 rogatus
204 1471 264 1536 est,
286 1470 499 1545 responsionem
514 1470 551 1527 ad
565 1470 594 1527 id
608 1466 757 1529 meditans.
782 1476 837 1547 'pro
853 1470 955 1547 eodem
969 1468 1068 1526 dicitur
1082 1473 1111 1527 et
1126 1464 1199 1527 dru-

64 1544 275 1620 σκίπτεσθοτι,
304 1570 362 1628 quo
383 1555 471 1611 utitur
493 1542 770 1633 quidam'Scepticvis
791 1546 868 1633 apud
884 1544 1043 1609 Lucienum
1065 1549 1097 1611 ἓν
1118 1549 1199 1629 βίων

63 1625 180 1715 πράσει
203 1655 227 1692 c.
244 1635 301 1708 27,
325 1635 438 1712 dicens,
463 1634 560 1714 ἐπέχω
580 1632 650 1720 rcapl
671 1630 785 1699 radron
806 1634 858 1695 uui
881 1633 1115 1713 διασκέπτομαι.
1147 1655 1198 1694 cnr

63 1725 162 1776 antem
181 1717 289 1778 Gellius
309 1715 490 1795 σκξτιτικοῦς
510 1724 609 1781 dixerit
630 1714 796 1804 e'tp'pellatos,¹
809 1722 890 1799 qnasi
912 1725 1094 1801 procederes,
1131 1720 1197 1779 nihil

62 1816 168 1861 murae
183 1805 275 1863 video.

10 1886 12 1891 '
151 1908 180 1945 n.
200 1887 246 1947 lib.
269 1888 286 1946 1
311 1893 379 1948 sect.
401 1889 424 1946 Τ
448 1884 720 1972 σωματικῶτερον]
745 1890 910 1950 adverbium
939 1881 1199 1971 σωματικῶτερον

56 1972 138 2040 ruti,
147 1972 289 2031 ²solidius:
309 1977 431 2032 fortasse
450 1983 554 2034 entem.
563 1995 622 2035 non
637 1976 710 2034 male
725 1976 807 2034 etiam
821 1976 990 2033 redderetur
1000 1978 1116 2053 plentur.
1144 1975 1197 2034 sed

62 2074 118 2115 nee
132 2063 288 2133 utrumque
307 2068 457 2139 'perperam
466 2105 476 2134 ‚
494 2066 531 2118 ut
551 2063 653 2141 opinor
663 2105 673 2134 ,
693 2060 912 2138 coniungeretur
933 2062 971 2118 ad
988 2063 1121 2118 maiorem
1143 2060 1196 2117 ad-

62 2140 153 2199 verbii
168 2142 270 2200 Graeci
292 2146 514 2223 expressionem,
538 2148 616 2223 quod
638 2148 675 2204 ad
693 2147 809 2204 verbnm
824 2152 908 2203 sonat
923 2146 1098 2222 corporalius.
1129 2161 1208 2203 cae-¹

26 2260 33 2269 ·
61 2230 156 2283 terum
171 2227 299 2284 Galenus
320 2248 435 2306 quoqne
455 2230 530 2288 idem
545 2232 582 2288 de
596 2220 743 2306 Pyrrhone
761 2218 1045 2301 recensentem,
1067 2226 1117 2287 καὶ
1137 2222 1196 2304 τὴν

61 2304 146 2391 ἄγαν
158 2306 362 2393 ἠκριβωκέναι
377 2309 434 2392 τὴν
448 2310 639 2397 ἀπορητικὴν
653 2306 880 2395 ὗσαληφθέντα
893 2309 1067 2413 Hefp'punvr.
1098 2333 1135 2371 ne
1150 2313 1196 2370 cui
1274 2319 1278 2326 “
1306 2326 1307 2331 ’

61 2402 162 2454 tamen
177 2399 288 2455 errandi
300 2399 475 2457 occasionem
486 2401 622 2478 praebeat
635 2418 700 2459 mea
707 2400 914 2481 interpretatio,
950 2401 994 2483 uia
1005 2396 1197 2479 προσεληλυ-

60 2477 156 2541 θέναι
170 2484 210 2562 τῇ
225 2479 333 2557 σκέψει
349 2482 431 2541 verti
442 2488 545 2561 scopein
567 2472 739 2557 tructluur‘see,
761 2480 852 2541 malim
873 2419 1010 2559 reddere,
1030 2482 1071 2557 nd
1085 2484 1196 2557 ‘scepsius

61 2576 92 2624 ιο
104 2568 258 2638 munisse,
279 2567 324 2625 vel
340 2564 446 2645 (minus
460 2569 575 2643 quidem
596 2570 635 2626 ad
655 2562 790 2640 verbum,
813 2568 864 2627 sed
884 2568 972 2645 magis
990 2566 1196 2644 significanter)

61 2646 219 2726 ut2sctpe'n
240 2670 268 2709 se
287 2653 456 2729 uppltccu'ese.
488 2653 549 2710 dieo
564 2652 660 2710 antem
675 2653 788 2711 errandi
802 2656 995 2731 occasionem,
1017 2650 1083 2728 quia
1099 2670 1132 2719 ex
1146 2649 1193 2709 illa

58 2726 297 2811 interpretatione
311 2736 441 2812 colligere
455 2742 554 2813 posset
569 2736 667 2813 aliquis
688 2736 797 2816 scriptis
818 2748 1022 2816 persequutnm
1046 2754 1108 2792 esse
1123 2734 1194 2810 Pyr-

59 2818 182 2891 rhvlnem
203 2826 308 2876 sectam
324 2821 502 2899 Sceptieam,
523 2839 611 2898 quum
632 2826 731 2895 contra
754 2821 819 2878 nihil
833 2826 904 2899 'eum
927 2818 1071 2903 literarum
1090 2838 1193 2875 monu-

58 2903 166 2960 mentis
200 2904 352 2963 mandasse
382 2911 526 2965 testentur
560 2924 624 2964 cum
652 2904 697 2963 alii
730 2910 792 2963 tum
807 2896 968 2983 *Aristocles
995 2909 1025 2961 et
1048 2900 1194 2978 Diogenes

59 2982 204 3046 Laertius.
247 3006 252 3023 ··

147 3092 177 3129 rs.
197 3072 243 3132 lib.
263 3073 279 3130 1
300 3082 369 3134 sect.
391 3074 413 3133 8
434 3071 487 3133 καὶ
506 3065 619 3152 λόγοις]
640 3090 748 3152 repone
767 3060 993 3154 retruditur'³'pro
1011 3070 1192 3143 orationibus.
1278 3118 1286 3139 ,

58 3174 94 3213 ex
109 3156 250 3214 Cicerone
272 3168 368 3216 autem
389 3156 584 3237 sumpsihaeo
599 3152 690 3214 ¹verba
708 3160 792 3233 peria
805 3150 955 3237 incruente.¹
967 3174 1040 3229 ¹nam
1056 3154 1136 3230 quod
1150 3153 1195 3211 hie

57 3236 199 3318 ditltcdr
212 3238 246 3301 tv
260 3237 477 3320 ἀντικειμένοις
491 3234 596 3320 ldyocr¹
608 3238 814 3314 ἰσοσθένειαν,
830 3241 876 3298 ille
891 3240 983 3297 reddit
998 3238 1194 3297 ‘contrariarum

56 3328 193 3383 rationum
210 3330 295 3400 pnrc'u
315 3335 454 3385 momenta.
477 3328 516 3382 ita
538 3320 611 3403 'enim
631 3327 659 3382 in
675 3324 812 3397 Lucullo,
836 3322 865 3381 id
883 3324 969 3381 estin
984 3322 1109 3380 uncae.
1126 3323 1196 3393 svi-x

56 3407 113 3465 bit:
130 3422 207 3479 ,καια
227 3414 263 3466 tn·
276 3418 416 3489 utrumque
432 3414 540 3487 partein
560 3410 647 3468 multo
664 3410 793 3468 dicuntur.
817 3409 908 3466 horum
923 3406 1027 3487 aliquid
1041 3413 1129 3465 uestro
1145 3427 1193 3465 so·

53 3495 145 3570 pienti
158 3499 257 3551 eertum
270 3495 397 3567 videtur,
417 3501 508 3552 nadre
523 3514 555 3551 ne
570 3495 635 3573 quid
649 3499 766 3553 menime
780 3494 883 3572 puidam
895 3494 1035 3572 probabile
1049 3496 1086 3551 sit
1101 3510 1192 3549 occur-

56 3580 101 3635 nr.
115 3578 173 3634 'ite
195 3584 257 3634 sunt
275 3582 304 3635 in
315 3581 449 3657 plerisque
464 3585 660 3638 contrariorum
673 3574 813 3638 rationum'
819 3583 904 3656 peria
918 3584 1058 3637 morundo.
1079 3595 1192 3656 repono

56 3666 152 3719 antem
167 3661 256 3720 hieria
267 3670 522 3742 utramquepartem
536 3682 589 3742 pro
604 3669 633 3723 in
646 3670 759 3743 utraque
775 3671 856 3741 perte
878 3664 972 3741 (quod
987 3664 1014 3718 in
1030 3660 1107 3737 vulg.
1122 3660 1190 3717 edit.

56 3742 194 3821 hebetur)
209 3765 243 3804 ex
262 3747 321 3804 aliis
336 3749 479 3808 Ciceronis
499 3750 577 3808 loeis.
604 3750 679 3807 idem
692 3749 721 3805 in
736 3749 795 3807 fine
816 3748 877 3807 libri
893 3748 907 3805 l
934 3746 1088 3805 earundem
1103 3742 1190 3803 head.

55 3830 119 3890 λκιο
130 3834 320 3909 ratiorri'puod
335 3841 395 3893 erut
417 3840 615 3892 eunomianorum
630 3834 770 3912 seuiebat,
792 3838 936 3890 utcontra
957 3833 1070 3909 omniurn
1089 3835 1191 3887 seuten-

56 3919 114 3975 trus
135 3916 194 3975 dier
208 3919 268 3975 ient
274 3920 414 3995 plet‘nsdue
428 3919 584 3988 deduceret,
606 3922 637 3975 ut
657 3936 736 3995 qurum
747 3921 784 3975 'in
804 3916 897 3975 eadem
909 3936 939 3973 re
948 3916 1035 3992 pario
1049 3916 1192 3972 centrariis

55 4003 387 4078 ta·parrrua·'nomenta
410 4007 546 4062 rectionum'
565 4004 763 4083 invenirentur,
778 4000 894 4079 facilius
920 4001 954 4058 ab
980 4006 1092 4075 utruque
1110 4002 1192 4074 porte

56 4088 173 4144 αοοιιίὶο
188 4090 370 4148 maturetur.
392 4089 420 4145 in
437 4107 495 4163 quo
509 4084 670 4165 posteribre
689 4086 752 4144 loeo
772 4085 965 4142 animadverte
986 4101 1147 4161 expressum
1161 4080 1191 4137 id
1265 4130 1272 4145 ,

55 4170 151 4249 iprum
166 4170 245 4247 qciod
257 4176 277 4226 ιι·
291 4173 379 4230 Sexto
394 4173 527 4242 additur,
547 4162 695 4249 Seeptlc'os
710 4170 840 4228 videlieet
854 4169 891 4226 ob
908 4168 984 4226 illom'
996 4163 1190 4227 ἲσοσθένειαν

55 4254 203 4314 devenire·
222 4255 260 4313 ed
288 4249 415 4335 ἐποχήν.
459 4256 534 4314 idem
555 4250 706 4313 vero‘nnbi
732 4253 882 4332 ῖσοσθενῆ
911 4252 1035 4331 appellat
1053 4254 1138 4330 partu
1161 4254 1191 4308 in

56 4346 198 4420 utramque
214 4346 331 4419 pecten.
360 4341 463 4421 quodsi
484 4334 680 4402 ἰσοσθένειαν
701 4340 739 4400 nd
761 4340 876 4400 verbum
897 4338 1050 4417 exprimere
1064 4334 1190 4409 velimus,

41 4430 45 4455 Ι

132 4599 289 4725 0¹.
