2782 5190
408 181 561 250 sanor.
581 154 714 262 naua
734 150 954 265 suasanus
1180 183 1244 279 ass

78 365 82 375 ·
115 331 322 445 Ξενοφάνην,
343 329 387 411 ἀς
406 335 459 400 καλ
478 332 554 411 roric
572 335 697 415 ciliove
716 333 803 426 αάτῷ
819 310 1001 415 arcessor,
1023 331 1165 420 ἀποέρσεο
1186 332 1245 413 αό-

115 421 172 487 τόν
193 418 386 507 οδυρόμενον
406 422 458 484 καὶ
478 421 608 504 λέγοντα
984 433 988 443 ’
1114 446 1118 453 ’
1236 474 1247 489 ,

242 519 299 597 Ὡς
319 522 371 584 καὶ
392 521 470 604 ἐγὼν
491 519 605 607 όφελον
624 525 754 587 πυκινοῧ
774 517 849 589 νόου
869 521 1077 605 ἀντιβολῆσαι
1170 574 1181 596 ς

246 602 413 691 ἀμφότερα
434 604 554 686 βλεπτά
576 606 719 693 ‘billi-‘5⁸'
743 603 807 694 άόηλ
829 605 1041 716 έξαπατῆθην,
1105 602 1109 610 ’

150 732 153 739 ·
244 688 454 777 πρεσβυγενὴς
475 688 520 756 ἴτ’
543 687 602 756 loir
623 694 675 755 uni
695 689 926 780 ἀπενθῆριστος
947 714 1073 775 απασης

246 771 466 859 σκεπτοσόνης.
497 774 576 840 ὅπου
598 776 658 862 γάρ
679 776 755 859 ἰμόν
776 776 849 849 νόον
870 774 1045 864 εἰράσαιμις

246 865 289 937 εἰς
306 858 342 925 έν
362 858 517 943 ταυτότης
538 866 601 927 πάν
620 860 776 929 ἀνελόετο.
804 869 869 928 πάν
891 865 926 940 δέ
947 861 983 928 όν
1002 863 1061 926 αἰεὶ

245 945 348 1029 πάντη
370 943 575 1041 ἀνελκόμενον
594 948 671 1030 μίαν
691 951 734 1025 εἲς
755 941 849 1034 φάσιν
865 946 982 1014 ’ἕσταθ’
1006 943 1128 1029 ὁμοίην.
1243 1015 1245 1019 ,

114 1049 170 1113 claci
190 1054 283 1115 τοῦτο
298 1053 382 1160 jorio
402 1043 640 1136 καὶάπάτυφον
662 1048 759 1116 αὐτόν
779 1050 874 1136 λέγει,
896 1051 949 1114 καλ
970 1043 1008 1115 ori
1027 1050 1142 1115 τέλειον
1170 1046 1248 1124 ἀνο-

115 1158 191 1220 φον.
220 1133 267 1199 δι’
290 1160 335 1200 ων
355 1156 434 1220 φησι
1223 1150 1227 1157 ·
1291 1138 1293 1143 ’

247 1215 433 1326 Ξενοφάνηη
450 1214 616 1304 όπάτυφος
633 1215 840 1305 όμηροιπάτης
860 1209 1079 1305 inconcinne*

232 1305 339 1369 ‘iaris
359 1305 594 1389 ἀπάνθρωπον,
616 1302 695 1368 θεὸν
715 1301 869 1377 helion?
893 1303 962 1374 icor
982 1301 1106 1391 άπάνυη

250 1389 380 1471 ἀσκηθῆ
400 1394 498 1474 νοερῷ
518 1387 555 1472 ῆέ
574 1384 689 1471 νόημα.

117 1473 285 1584 όπάτυφον
304 1473 363 1555 μέν
382 1471 443 1560 γάρ
471 1469 534 1536 εἶπε
561 1471 617 1538 τόν
645 1471 726 1538 κατά
755 1498 785 1561 τι
816 1473 955 1562 ἀτοφοῆ,
988 1474 1196 1564 ὃμηραπάτνμ
1215 1475 1253 1542 δά

119 1560 329 1642 ἔπισκοιπτην,
350 1557 412 1622 ἐπεὶ
433 1556 492 1641 τῆν
512 1559 591 1645 παρ’
610 1556 740 1648 Ὁμῆρρι
759 1558 884 1644 ἀπάτην
898 1563 1093 1632 άιέσκωπτεν.
1113 1567 1252 1631 hactenns

120 1651 242 1722 Sextus,
264 1649 342 1707 errius
366 1646 510 1725 exemplar
529 1667 593 1707 cum
614 1649 652 1706 ob
674 1650 742 1706 alios
760 1648 914 1728 plerosque
933 1652 1030 1728 locos,
1051 1657 1114 1710 tum
1132 1651 1254 1710 maxime

120 1735 158 1794 ob
172 1734 265 1806 hunc,
286 1733 408 1792 nancisci
432 1732 608 1791 emendatius
622 1734 723 1812 capio;
744 1733 814 1793 haec
838 1737 912 1794 enim
932 1738 1006 1795 adeo
1024 1737 1162 1796 mendosa
1182 1754 1253 1816 pro·

120 1822 195 1880 serre
216 1838 262 1877 me
280 1818 390 1896 puduit
428 1817 506 1893 quod
529 1823 624 1875 autem
649 1819 693 1893 ad¹
711 1809 879 1901 άπάτυφον
899 1821 1018 1895 attinet,
1040 1820 1185 1881 sciendum
1208 1823 1254 1878 est

120 1905 200 1966 citari
221 1910 250 1963 et
270 1902 432 1979 aDiogene
446 1921 464 1959 a
476 1899 594 1960 Laertio
613 1902 732 1982 primum
747 1902 823 1963 illum
836 1923 948 1964 vasam
962 1898 1081 1989 Ξενοφ.
1096 1911 1152 1966 etc.
1172 1922 1253 1965 eum·

121 2009 179 2069 qne
192 1989 231 2047 ite
245 1987 300 2063 legi
313 1982 393 2066 apud
405 1985 491 2057 illum,
520 2011 522 2015 ⁷
552 1997 559 2010 '
681 2022 684 2027 -
952 2004 957 2008 ·

117 2064 120 2071 ’
250 2063 447 2153 Ξεινοφάνην
465 2062 632 2152 ὑπάτυφον
653 2060 862 2152 ὅμηραπάτην
883 2065 1059 2152 ἐπικόπτην.

119 2158 174 2216 sed
187 2157 254 2215 nihil
275 2159 371 2215 iuvare
391 2175 445 2213 nos
465 2161 563 2235 potest
575 2153 713 2231 Diogenis
733 2155 891 2233 exemplar,
912 2158 964 2215 nisi
983 2159 1020 2215 ad
1043 2153 1254 2216 emendandum

122 2234 309 2324 Ξενοφάνης
329 2247 359 2301 et
377 2241 574 2319 reponendum
590 2232 794 2320 Ξεινοφάνης
810 2236 898 2320 (sicut
917 2241 1018 2300 ‹licitm
1037 2232 1254 2322 Ξεινοφόων),·

120 2328 230 2406 reliqua
251 2329 325 2385 euim
345 2326 432 2384 verba
454 2325 551 2383 melius
573 2323 708 2400 leguntur
727 2324 805 2402 apud
820 2325 937 2383 Sextum
963 2345 1047 2403 quam
1068 2327 1146 2405 apud
1166 2325 1253 2384 illum.

124 2433 190 2473 nam
203 2405 369 2492 ἀπάτυφον
391 2428 449 2469 non
462 2402 625 2489 άπότυφον
639 2407 695 2486 legi
710 2409 815 2469 debere
829 2411 955 2468 ostendit
969 2431 1002 2469 ea
1017 2406 1153 2491 eipositio
1168 2429 1253 2488 quam

122 2499 228 2557 Sextus
249 2496 410 2573 subiungit,
436 2487 492 2556 τόν
511 2487 591 2556 κατά
619 2484 651 2556 τί
673 2487 806 2575 ἄτυφον.
842 2496 908 2554 item
928 2495 1081 2573 legendum
1103 2514 1166 2555 esse
1187 2492 1255 2555 ins-

123 2575 270 2661 σκώπτην
292 2601 351 2640 non
373 2580 462 2639 solum
483 2599 516 2638 ex
531 2580 609 2639 Sexti
629 2580 812 2658 explicatione
833 2585 930 2659 patet,
952 2583 1003 2640 sed
1025 2586 1107 2640 etex
1126 2582 1159 2639 iis
1179 2597 1255 2657 quae

122 2669 161 2726 ah
181 2669 244 2746 ipso
265 2666 396 2743 Diogene
416 2665 502 2742 paulo
525 2670 593 2743 post
615 2666 792 2734 scribuntur,
818 2661 953 2747 γέγραφε
982 2661 1017 2726 (li
1044 2663 1096 2726 καὶ
1117 2662 1150 2726 ἓν
1170 2659 1256 2726 ἔπεσι

123 2750 176 2813 καὶ
198 2748 328 2830 ἐλεγείας
345 2748 398 2810 καὶ
419 2745 555 2828 ἰάμβους
574 2744 657 2809 καθ’
681 2741 834 2810 Ἡσιόδου
860 2749 912 2810 καὶ
937 2745 1090 2833 Ὁμήρου,
1120 2742 1254 2811 ἐπισκώ-

123 2858 212 2898 πτων
233 2831 337 2896 αὐτῶν
357 2828 398 2895 τά
418 2832 487 2917 περὶ
508 2835 594 2894 θεῶν
621 2831 777 2916 εἰρημένα.
814 2840 880 2892 nam
905 2835 949 2894 hic
973 2836 1065 2894 fateor
1090 2837 1204 2912 quidem
1224 2835 1255 2892 ia

72 2918 75 2924 ’
124 2910 201 3000 iulg.
225 2923 293 2980 edit.
312 2920 408 2979 haberi
436 2913 626 2995 ἐπικόπτων,
661 2920 712 2977 sed
736 2920 765 2978 in
788 2919 918 2977 omuibus
943 2938 1018 2998 qnae
1045 2920 1172 2981 consului
1195 2925 1254 2979 vet.
1283 2953 1286 2957 -

126 3007 243 3086 exempl.
258 3007 316 3064 vidi
335 3006 469 3084 scriptum
490 2993 701 3066 intentionenr.
730 3005 910 3081 eundemque
925 3024 1049 3064 errorem
1062 3007 1092 3064 in
1107 3005 1164 3064 aliis
1180 3024 1254 3082 qao-

125 3113 183 3172 que
196 3091 333 3170 Diogenis
348 3090 493 3149 observavi
507 3089 584 3149 locis.
613 3095 709 3149 utrum
722 3095 816 3150 autem
830 3089 928 3149 melias
942 3090 1075 3167 legantur
1089 3091 1167 3168 apud
1181 3088 1254 3148 Dio·
1280 3137 1284 3145 .

124 3196 229 3256 genem
250 3195 302 3256 per
323 3175 511 3234 accusativum
530 3173 576 3233 illa
595 3175 709 3233 nomina
730 3193 815 3253 quam
835 3177 913 3254 apud
928 3175 1046 3236 Sextum
1060 3194 1111 3256 per
1125 3174 1255 3234 nomina

125 3265 230 3333 tivum,
257 3262 302 3320 vix
320 3261 506 3340 pronuntiare
529 3260 628 3319 ausim.
663 3264 806 3319 caeteram
828 3261 908 3337 qnod
935 3262 972 3320 ad
994 3255 1116 3343 άτυφον
1143 3260 1257 3332 attinet,

126 3348 272 3407 sciendum
287 3353 329 3406 est
345 3346 428 3404 etiam
443 3345 571 3403 Stoicum
591 3344 748 3424 sapientem
769 3345 847 3423 apud
861 3344 1019 3422 Diogenem
1037 3347 1066 3404 in
1080 3345 1202 3404 Zenone
1220 3362 1256 3404 eo

128 3433 253 3513 epitheto
275 3431 327 3489 insi
368 3432 414 3505 iri,
441 3430 489 3489 ubi
511 3430 623 3503 scribit,
653 3426 733 3511 φασὶ
761 3426 796 3490 δέ
816 3427 869 3488 καὶ
890 3425 1004 3509 ἀπαθῆ
1025 3423 1104 3491 εἶναι
1121 3426 1177 3492 τὸν
1198 3447 1256 3492 σο-

127 3509 207 3600 φόν,
238 3512 331 3578 διάτ
372 3510 574 3593 ἀνέμπτωτον
596 3508 682 3577 εἶναι.
712 3520 751 3574 'at
773 3514 879 3573 Timon
904 3515 987 3573 variis
1009 3515 1113 3592 alioqui
1130 3513 1163 3574 ‘in
1188 3514 1258 3573 locis

126 3601 298 3683 philosophis
318 3601 615 3683 cigovlexprobrans
637 3600 728 3671 solum
748 3598 923 3678 Pyrrhonem
944 3599 1000 3660 hoc
1020 3601 1147 3681 epitheto
1173 3567 1270 3661 orna?

127 3690 157 3747 in
173 3689 214 3746 his
229 3689 278 3767 qui
292 3689 369 3766 apud
383 3686 549 3751 Aristoclem
562 3687 703 3745 habentur
717 3686 860 3753 versibus:
1071 3690 1073 3698 '

251 3785 393 3851 Ἀλλοῖον
414 3782 470 3852 τόν
491 3783 614 3870 άτυφον
635 3782 694 3866 lya)
715 3782 803 3865 thor,
824 3782 845 3866 ῆ
867 3779 1053 3866 ἀδάμαστον

256 3876 352 3935 πᾶσιν
374 3869 460 3944 ὅσοις
479 3871 637 3952 ἀαμνάται
658 3862 719 3951 ἀμ’
744 3864 892 3954 ἀρρῆτοις
913 3892 946 3934 τε
967 3873 1132 3953 φατοῖςπι

257 3959 343 4018 λαῶν
364 3952 459 4018 έθνεα
478 3961 597 4039 κοῦφα,
618 3951 808 4040 βαράνομεν.
832 3951 912 4018 ένθα
934 3957 985 4017 καὶ
1007 3951 1088 4040 isernia
1129 4002 1132 4007 -

258 4040 292 4107 lu
310 4038 455 4118 παθέων,
479 4034 574 4122 δόξης
590 4061 623 4104 τε
644 4040 697 4102 καὶ
718 4040 834 4123 εῑκαίης
852 4036 1046 4122 νομοάῆκης.
1169 4047 1174 4063 ’

129 4149 193 4208 dico
208 4153 303 4206 autem
323 4144 604 4222 solumPyrrhouem
617 4144 672 4204 hoc
686 4144 810 4222 epitheto
826 4134 1004 4205 cohonestari
1022 4164 1041 4202 a
1055 4141 1196 4219 Timone,
1217 4143 1258 4203 le-

129 4252 218 4313 gens,
243 4227 314 4291 ett’
338 4223 406 4292 οἷον
430 4248 483 4310 pro
505 4223 643 4291 ἀλλοῖον.
675 4227 850 4306 Pyrrhonem
874 4235 969 4289 autem
992 4229 1084 4308 ipsum
1110 4229 1161 4287 sibi
1182 4228 1259 4290 hunc

129 4318 241 4377 titulum
261 4317 418 4378 vindicasse
432 4321 554 4376 testatur
569 4313 739 4387 Aristocles,
761 4316 810 4393 qui
831 4321 928 4376 tamen
952 4320 1051 4388 contra
1072 4331 1137 4373 eum
1156 4316 1258 4397 τῦφον

128 4399 356 4485 περιβαλέσθαι
377 4402 458 4479 dicit,
484 4402 525 4463 ite
547 4396 688 4463 scribehsz
720 4394 815 4474 αὐτὸς
841 4395 876 4462 δ’
903 4395 1035 4484 ὕστερον
1063 4393 1257 4461 roriconis
