2798 5198
389 305 712 378 usrurusm
735 304 970 376 οοοιοιιιο.
1031 266 1036 276 ’
1074 267 1077 274 ’
1188 308 1270 378 ιιι,

144 469 245 552 partim
265 441 448 549 ‹lillioultate
458 468 629 542 deterritus,
655 465 758 547 purtim
778 461 1046 549 παραδοξολογίαν
1067 475 1271 549 pertaesus,e

143 557 272 616 manibus
292 556 469 628 abiecissent,
491 554 614 614 unimam
637 552 717 613 simul
731 551 862 631 abiiciens
876 560 964 633 atque
977 555 1179 635 despondens,
1200 563 1271 614 tuuc

143 643 229 700 veluti
250 643 400 722 resumptis
421 640 502 699 novis
525 640 626 699 viribus
646 645 676 698 et
697 656 774 696 novo
798 638 921 714 quodum
943 640 1037 699 animo
1056 640 1093 699 ud
1114 641 1144 700 id
1166 660 1270 718 magua

142 728 284 786 alacritate
298 728 402 788 rodco
399 727 599 803 adversusque
617 742 717 784 omnes
735 723 914 783 difficultates
928 743 1061 803 pugnans
1073 727 1103 784 in
1116 742 1159 785 eo
1167 744 1270 807 pergo,

142 833 196 872 uec
216 821 283 872 unte
302 804 421 884 absisto,
445 831 528 890 quam
550 817 701 871 extremam
722 827 837 868 manum
856 809 913 867 uti
897 828 1030 909 ιιιιιιοιιο.
1060 828 1097 870 ιιι
1112 819 1270 872 autemear

142 899 377 977 οιιιιιιιιιοιοιίιιι,
399 855 515 956 aliorum
536 903 599 955 esto
619 895 759 955 iudicium.
791 896 904 954 certe
882 913 904 953 sr
918 914 1017 955 omnes
1032 913 1267 976 expugnaturos

142 986 237 1062 potui,
266 985 378 1043 duobus
401 981 561 1041 nominibus
586 980 793 1040 excusationem
818 981 897 1058 apud
915 998 1023 1060 aequos
1043 983 1149 1042 iudices
1169 983 1270 1042 mereri

140 1071 204 1129 rnihi
226 1070 340 1143 videor,
363 1071 442 1146 quod
464 1088 521 1127 uno
544 1068 703 1145 eodemque
724 1071 853 1145 tempore
872 1066 993 1144 primum
1014 1069 1151 1128 adversus
1170 1068 1270 1151 febrim

141 1161 170 1213 et
191 1150 303 1233 quidem
327 1153 575 1235 pervicacissimum
596 1171 629 1212 ac
654 1150 870 1220 fallacissimam,
898 1152 1003 1211 deinde
1023 1154 1159 1213 adversus
1180 1172 1269 1232 urgu-

84 1284 92 1293 .
140 1241 229 1300 menti
244 1258 378 1319 magnam
399 1239 575 1320 plerisquc'
568 1251 604 1295 m
620 1237 688 1296 locis
714 1235 913 1295 obscuritatem
934 1237 1072 1317 simulque
1092 1241 1190 1298 miram
1204 1258 1270 1323 rer·

84 1388 90 1413 Ι
141 1328 259 1398 horum,
288 1333 321 1384 ut
349 1327 389 1384 ite
417 1325 534 1403 loquar,
555 1323 784 1403 peregrinitatem
811 1321 978 1381 luctandum
999 1325 1062 1382 tuit.
1096 1324 1200 1434 habeq,
1231 1318 1270 1383 mi

84 1416 89 1443 ¹
136 1399 279 1483 Henrice,
300 1429 394 1469 veram
410 1410 449 1471 rei
465 1429 556 1489 nuper
570 1414 669 1486 gestae
683 1407 835 1466 historiam.
867 1407 939 1466 “sed
954 1408 1018 1485 quis
1033 1409 1202 1488 umquam”,
1225 1409 1270 1468 di-

139 1516 202 1570 ees,
225 1495 331 1554 “talem
347 1497 408 1556 fore
424 1503 580 1572 quartanae
594 1494 664 1552 febri
679 1484 745 1551 curii
759 1490 889 1570 Sceptice
903 1493 1085 1570 sympathiam
1106 1493 1271 1576 sperasset?

138 1590 189 1640 aut
210 1583 271 1659 quis
293 1581 373 1640 huius
396 1579 569 1660 sympathiae
589 1580 726 1637 rationem
750 1595 767 1633 e
786 1574 920 1636 naturalis
946 1577 1138 1659 philosophiae
1159 1580 1269 1640 arcanis
1297 1654 1299 1657 Ι

138 1686 237 1726 eruero
249 1665 356 1745 posset’
357 1665 483 1724 'limmo
498 1684 565 1723 uero
578 1665 639 1741 quis
654 1682 715 1721 earn
732 1659 829 1720 melius
844 1667 874 1720 te
889 1679 947 1718 uno
962 1680 1061 1724 eruere
1075 1675 1172 1743 queat,
1187 1665 1272 1725 lien?

136 1754 194 1811 rice
215 1743 509 1833 palocopurulrura?
532 1768 586 1825 age
606 1749 690 1826 igitur
709 1747 862 1807 fecundum
885 1755 1008 1813 concute
1024 1759 1147 1831 peetus.
1166 1751 1269 1828 quodsi

136 1840 213 1896 forte
227 1838 291 1896 nihil
307 1855 340 1896 ex
355 1855 406 1906 eo,
428 1836 507 1913 quod
522 1834 571 1892 tihi
592 1833 757 1904 satisfaciat,
764 1833 1006 1932 deprompseris,
1032 1837 1149 1896 domum
1169 1837 1267 1909 hahes,

137 1940 213 1999 quae
226 1923 298 1981 adeo
314 1932 338 1980 a'
336 1915 510 1980 doctissimis
525 1921 723 2018 frequentatur
746 1918 824 1989 viris,
848 1922 881 1978 ut
903 1920 1047 1996 quoddam
1066 1921 1268 2018 pulcherrirna-

136 2027 199 2066 rum
218 2007 451 2087 disputationum
480 2006 634 2087 emporium
656 2002 790 2085 appellari
819 2003 919 2065 merito
948 2007 1071 2085 possit.
1088 2008 1162 2068 hanc
1183 2008 1268 2086 igitur

136 2093 353 2170 quaestionem
346 2112 374 2150 sn
389 2091 532 2169 frequenti
545 2090 654 2148 illorum
668 2089 851 2151 conciliabulo
865 2107 1012 2167 proponas
1027 2092 1126 2195 velim,
1147 2101 1178 2155 ct
1194 2113 1267 2172 quo-

133 2179 222 2237 modo
237 2177 329 2257 sqluta
343 2178 441 2248 fuerit,
464 2182 496 2234 ut
511 2176 631 2253 aliquem
646 2175 812 2235 narrationis
827 2193 909 2238 meae
923 2177 1044 2237 fructum
1059 2181 1178 2259 capiam,
1201 2198 1268 2260 per·

134 2265 249 2322 scribas.
278 2264 316 2322 ad
331 2282 376 2322 me
391 2254 467 2323 certe
468 2264 563 2345 quod
577 2263 695 2334 attinet,
718 2268 871 2362 postquam
891 2261 939 2319 diu
960 2263 1138 2362 multumque
1159 2266 1268 2343 cogita

133 2350 241 2408 tionem
256 2369 347 2408 meam
362 2349 485 2427 partes'
478 2368 507 2406 m
530 2366 628 2411 omnes
648 2348 756 2407 versari
777 2365 936 2424 omnesque
950 2349 1170 2409 circumstantias
1185 2351 1267 2410 huius

132 2437 207 2513 facti
221 2440 352 2495 accurate
371 2434 525 2515 perpendi,
546 2433 708 2511 aliquam
684 2453 744 2492 erus
763 2432 926 2494 rationem
916 2435 1057 2495 inuenisse
1071 2439 1188 2496 tandem
1202 2437 1268 2494 mihi

133 2521 245 2579 uideor:
273 2520 324 2579 sed
346 2526 501 2599 quactum
522 2520 636 2578 demum
657 2519 723 2579 mihi
745 2520 916 2589 satisfaciet,
938 2539 1002 2580 cum
1018 2538 1079 2581 eam
1102 2522 1159 2581 aliis
1178 2530 1207 2581 et
1221 2524 1266 2580 in·

103 2678 107 2691 Ι
133 2608 219 2683 genio
234 2613 264 2664 et
277 2605 378 2665 iudicio
393 2625 438 2664 me
453 2603 703 2684 praestantioribus
718 2604 879 2667 satisfacere
894 2604 1065 2666 intellexero.
1089 2626 1151 2667 eam
1171 2609 1267 2688 paucis

133 2692 267 2769 aperiam.
296 2691 395 2750 febrim
420 2696 588 2768 quartanam
604 2709 666 2749 cunr
682 2710 716 2751 ex
729 2691 916 2752 immoderato
931 2690 1073 2752 literarum
1089 2694 1183 2752 studio
1197 2714 1267 2752 con-

135 2776 296 2850 traxissem,
319 2794 417 2834 ornnes
438 2776 564 2857 quotidie
584 2775 652 2834 illud
674 2775 737 2835 mihi
761 2779 888 2838 certatim
904 2777 1108 2856 exprobrantes
1124 2785 1155 2839 et
1168 2779 1204 2837 illi
1218 2780 1266 2836 nni

136 2867 228 2920 totum
243 2881 336 2921 meum
351 2861 454 2920 malum
469 2865 616 2942 acceptum
631 2863 755 2921 ferentes
770 2863 933 2924 audiebam.
965 2864 1032 2939 quid
1054 2864 1129 2923 aliud
1144 2863 1207 2923 hinc
1221 2882 1266 2923 se·

134 2949 182 3025 qui
202 2954 333 3026 poterat,
355 2965 440 3024 quam
459 2946 614 3006 immortale
636 2949 784 3023 quoddam
804 2948 944 3009 urlrertus
966 2948 1004 3006 id
1017 2950 1161 3024 studium,
1185 2949 1266 3037 quod

133 3036 209 3092 vitae
231 3052 312 3092 meae
332 3032 533 3105 insidiabatur,
563 3031 682 3090 odtrrmt
710 3051 807 3091 verum
832 3052 867 3093 eo
889 3049 936 3089 res
955 3032 1131 3105 devenerat,
1152 2993 1185 3092 ht
1205 3052 1265 3091 non

89 3168 91 3172 .
132 3119 209 3178 hunc
224 3119 272 3176 vel
281 3118 356 3176 illum
371 3117 470 3176 turum
485 3116 661 3196 peculiariter
676 3118 741 3174 odio
756 3133 998 3196 prosequerer-
1013 3116 1265 3196 alioquil‘indurus

132 3206 245 3280 potius,
268 3222 353 3280 quarn
377 3204 524 3278 quisquam
540 3200 616 3281 alius
631 3201 751 3279 scriptor
765 3203 868 3279 dignus
883 3202 949 3260 odio
965 3214 1030 3260 tneo
1047 3204 1164 3278 fuisset,
1186 3203 1265 3283 quod
1340 3208 1343 3214 '

132 3309 165 3345 ex
180 3290 315 3345 immenso
331 3287 403 3345 circa
416 3285 484 3345 illius
500 3286 761 3363 interpretationem
776 3287 872 3348 labore
887 3289 1039 3365 aegritudo
1054 3291 1178 3368 corporis
1193 3309 1265 3349 con·

132 3374 356 3432 tractatoret'·-
370 3373 421 3432 sed
437 3372 519 3430 unius
530 3372 633 3430 crimen
644 3371 672 3430 in
683 3391 781 3431 omnes
791 3373 995 3447 diffundebam,
1008 3376 1082 3434 adeo
1094 3377 1189 3434 utiam
1204 3395 1263 3434 non

131 3458 376 3516 al‘indaricorum
389 3456 527 3517 duntaxat
550 3457 712 3516 similiumre
735 3454 868 3519 librorum
891 3459 997 3520 insidiis
1019 3461 1176 3521 cauendum
1198 3462 1263 3520 milri

131 3544 334 3615 existimarem,
356 3544 406 3604 sed
422 3560 520 3602 omnes
535 3543 572 3600 ad
589 3561 676 3602 sunum
690 3552 840 3623 suspectos
854 3545 997 3606 haberem.
1028 3566 1085 3626 qua
1106 3549 1133 3606 in
1151 3565 1183 3607 re
1198 3546 1262 3607 mihi

131 3650 185 3688 usu
200 3630 351 3703 veniebat,
374 3627 474 3708 quod
466 3628 704 3707 ingeniosissimus
719 3633 807 3708 poeta
822 3633 916 3692 canit:
988 3676 998 3693 .

285 3714 343 3783 Qui
358 3712 443 3793 semel
458 3724 502 3774 est
516 3713 609 3774 laesus
624 3713 754 3773 fallaci'
727 3717 809 3795 piscis
822 3717 859 3776 ab
874 3717 970 3811 harno,

335 3786 465 3859 omnibus
480 3796 553 3858 unca
568 3800 635 3858 cibis
646 3818 712 3858 aera
727 3800 845 3862 subesse
852 3800 953 3885 putat.

131 3888 267 3963 sicigitur
282 3885 375 3944 auimo
391 3906 454 3945 curn
476 3885 596 3944 affectus
616 3903 706 3944 essem
729 3893 759 3946 at
780 3886 855 3947 libris
870 3887 1020 3960 omnibus,
1043 3906 1162 3967 quorum
1181 3886 1264 3946 lectio
1311 3938 1312 3942 ,

132 3973 252 4049 aliquam
277 3971 360 4029 animi
382 3970 596 4030 contentionem
622 3971 797 4049 postularet,
827 3975 992 4048 renuntiare
1018 3980 1048 4032 et
1071 3979 1182 4032 tantum
1204 3992 1263 4047 nou

132 4056 234 4115 bellurn
249 4057 372 4115 indicere
387 4054 564 4127 statuissem,
587 4070 637 4114 cur
657 4074 720 4115 cum
736 4043 932 4158 Scepticorum
946 4059 1022 4118 libris
1038 4060 1153 4118 tandem
1169 4060 1263 4138 potius

131 4162 217 4218 quarn
232 4160 294 4199 cnm
311 4140 371 4219 ullis
386 4140 465 4199 aliis'
458 4161 485 4200 ιιι
501 4143 618 4219 gratiam
633 4142 809 4216 redierim,
801 4164 829 4203 ru
852 4166 938 4207 causa
962 4147 1049 4205 fuisse
1072 4152 1162 4224 puto,
1185 4144 1264 4222 quod

131 4229 243 4327 scepsin
252 4238 357 4286 omnes
378 4228 501 4301 omnium
523 4227 625 4286 artiuni
646 4229 824 4307 professores
845 4228 1021 4317 refellentem
1043 4232 1131 4329 magis
1153 4249 1187 4288 uc
1202 4248 1265 4288 mu·

130 4315 172 4392 gis
187 4315 215 4371 iu
230 4311 276 4370 illo
292 4314 359 4370 odio
373 4314 496 4371 animum
511 4331 612 4405 meum
633 4315 844 4376 obfirmatumm
867 4336 1021 4399 sperarem.
1050 4317 1078 4375 iu
1100 4315 1147 4374 illo
1167 4321 1262 4374 auteur

130 4400 195 4458 odio
218 4398 314 4456 salutis
334 4418 412 4477 spem
434 4371 624 4469 collocabam,
647 4399 712 4477 quia
735 4404 815 4478 quod
838 4404 976 4484 reliquum
996 4408 1057 4464 erut
1073 4403 1163 4474 uitae,
1192 4402 1214 4459 si
1234 4402 1262 4459 iu

130 4472 225 4542 studio
240 4482 381 4542 literarum
397 4483 562 4563 pergerem,
586 4478 645 4560 οἷβὶ
643 4504 724 4544 οιτον
741 4487 805 4545 mihi
819 4489 951 4550 futurum
972 4486 1172 4548 existimabam.
1193 4486 1263 4546 huec

130 4576 192 4640 est,
213 4588 251 4627 nu
242 4570 405 4644 Henriee,
424 4589 511 4649 quam
527 4588 644 4648 possum
657 4570 730 4629 illius
751 4562 900 4638 mirandae
920 4572 1154 4654 metamorphosis
1174 4572 1262 4632 ratio·

128 4673 193 4716 nem
207 4653 329 4732 afferre,
352 4658 419 4716 duur
434 4654 576 4718 meliorem
590 4673 608 4714 a
622 4673 654 4717 re
668 4663 810 4738 exspecto.

173 4958 215 5005 fu
288 4969 290 4973 ’
