2798 5198
298 289 496 360 unliuta!
516 289 706 361 nnnvn'ri
727 276 957 359 [inuictum.
1099 310 1185 358 xsrss

49 408 55 437 l

48 440 148 509 'instar
168 448 279 510 rniuime
293 450 505 528 investigarent.
537 450 615 528 quod
631 450 653 509 si
668 451 810 526 iacerent,
833 469 891 510 non
907 468 939 510 se
953 448 1118 531 praecipites
1133 449 1185 508 da·

59 544 126 615 rent
150 537 176 594 in
202 542 314 596 tantum
339 537 488 617 impietatis
514 535 693 611 barathrum,
725 544 757 597 ut
777 556 841 596 enm
859 537 921 617 ipro
942 534 1054 594 Christo
1078 541 1186 594 temere

59 628 238 700 pugnarent,
260 623 328 682 eiurn
351 624 410 680 einr
430 622 523 681 serbis
544 640 623 682 suurn
645 623 786 700 derogant
800 623 965 700 dignitatern
979 627 1010 681 et
1024 618 1184 681 utimum.

59 714 168 784 quanto
184 710 246 767 usui
260 715 354 769 autern
370 727 433 767 esse
447 707 538 788 possit
551 707 630 767 Serti
643 705 774 788 Empirici
787 707 1003 768 commentarius
1017 708 1056 766 acl
1077 707 1186 766 tuearis

59 793 234 853 Christianae
248 793 388 871 religionis
399 796 539 870 dogmata
551 792 687 852 adversus
700 798 833 853 externbs
847 791 1048 874 philosophos,
1070 790 1186 871 pulchre
1278 844 1281 853 .

58 879 144 938 docet
158 879 326 939 Franciscus
340 879 421 939 Piens
436 878 651 943 Mimndulauus
664 879 694 939 iu
707 898 743 939 eo
759 879 830 938 libro
845 897 902 958 quo
917 877 1105 937 Christianam
1120 882 1186 936 tne-

58 971 106 1021 tur
121 963 322 1045 philosophiam
340 965 476 1025 adversus
498 963 632 1042 dogmmn
652 968 831 1024 externorum
851 958 1090 1044 philosophorum.
1126 978 1203 1043 qen>
1297 980 1309 1025 r

56 1051 147 1143 magis
166 1051 252 1111 miror
273 1069 336 1115 esse
348 1050 462 1135 ¹uentris
478 1049 656 1131 tpnrppribus
674 1054 791 1147 prorius
806 1050 1077 1129 ,norosqnosdam
1177 1090 1206 1129 ..χ

57 1135 162 1208 micos,
183 1136 232 1213 gui
253 1126 360 1214 gloriae
381 1128 512 1195 sibilare
532 1136 658 1211 ducunt,
680 1136 704 1195 ri
717 1118 813 1194 ''veleli
833 1140 862 1194 et
883 1152 951 1193 vars
965 1124 1077 1193 cmbtt
1190 1132 1200 1172 Γ

58 1219 209 1297 religione,
222 1294 225 1307 Ι
237 1240 329 1280 nuvae
350 1227 380 1279 et
398 1221 574 1311 adulterina?
592 1220 718 1287 haeresia
734 1221 791 1293 sint
809 1226 974 1303 memores.
1000 1232 1097 1297 nequ
1115 1232 1186 1278 vern
1208 1263 1210 1267 -

58 1305 148 1364 solum
163 1307 201 1364 sd
222 1308 330 1366 tuenda
344 1305 521 1367 Christianae
542 1300 682 1384 religionis
701 1305 739 1364 do
788 1308 836 1365 als
856 1304 918 1364 usui
945 1321 1007 1364 esee
1022 1304 1128 1384 poterit
1142 1302 1186 1362 hic

58 1391 139 1450 Sexti
154 1391 287 1472 Empirici
298 1392 532 1466 commentsrius,
554 1393 607 1453 seu
620 1392 704 1453 etism
774 1391 953 1474 ipsamque
967 1388 1087 1468 svseia
1101 1386 1184 1453 scho-

56 1474 90 1533 lio
104 1475 274 1555 praelegitur
288 1477 386 1537 melius
400 1477 562 1536 discendnm
583 1495 618 1539 nc
637 1477 793 1536 tenendam
814 1473 1023 1559 philosophiam.
1036 1479 1066 1533 et
1086 1473 1186 1539 orbem

55 1560 132 1621 illum
152 1580 237 1640 quem
259 1569 365 1623 rorent
386 1560 604 1643 disciplinarum.
633 1560 700 1620 nihii
722 1561 796 1619 enlm
818 1558 917 1619 melius
935 1559 1068 1632 discitur,
1098 1576 1185 1638 quens
1253 1594 1259 1601 ·

57 1643 227 1722 quod-ultro
241 1648 370 1725 eitroque
382 1646 479 1706 habits
492 1646 685 1727 disputatione
698 1647 828 1722 sgitstm.
851 1646 879 1703 iu
894 1644 936 1704 bis
949 1650 1028 1703 certe
1041 1656 1186 1705 summu·

56 1733 134 1789 tariis
153 1750 203 1791 sua
218 1733 354 1810 dogmata
367 1731 407 1791 its
426 1718 595 1791 confirmasti
609 1728 786 1808 Dogmstici,
808 1735 842 1790 nt
862 1730 916 1810 ipri
935 1746 1033 1790 eurus!
1047 1736 1185 1790 earum

56 1835 116 1873 non
145 1817 243 1877 melius
272 1836 306 1876 ac
332 1817 434 1876 fortius
462 1834 496 1875 ea
513 1814 624 1899 possint
643 1815 808 1875 ddendme.
835 1813 959 1896 sceptici
979 1830 1049 1875 vera
1070 1816 1110 1875 lts
1129 1834 1185 1895 op·
1235 1851 1241 1865 ι

56 1908 204 1979 pugnant,
225 1908 258 1960 nt
272 1900 446 1979 Dogmstieis
460 1902 504 1960 rix
519 1900 673 1981 quidquam
690 1900 852 1980 relinquant
867 1900 946 1978 quorl
959 1916 1014 1983 pru
1027 1914 1060 1962 ss
1072 1900 1184 1984 pertint

56 1987 158 2046 dicere.
182 1984 252 2047 baec
266 2006 329 2046 cum
343 1986 430 2061 fiant,
452 2004 568 2047 necesse
587 1993 631 2046 est
651 1992 683 2045 ut
704 1985 774 2046 haee
794 1985 956 2047 mereimio
975 1998 1108 2064 magnam
1126 1987 1184 2046 viar

38 2068 160 2130 'hubent
179 2074 216 2132 asi
235 2072 384 2131 excitantis
406 2079 435 2131 et
457 2072 586 2133 acuenda
604 2069 814 2133 adolescentum
835 2072 966 2149 ingenis,
987 2073 1037 2150 gni
1055 2077 1118 2132 ten
1131 2070 1182 2131 dc·

10 2192 14 2197 -
56 2176 133 2215 muru
152 2163 291 2236 poterunt
308 2174 407 2218 rerum
428 2158 783 2235 herenensium-quas
795 2162 863 2216 sunt
877 2155 1187 2237 probabihue'seereta'
1293 2158 1302 2171 '

10 2268 13 2273 ·
55 2243 128 2300 milia
148 2243 185 2302 ab
199 2243 230 2301 iis
245 2261 320 2321 quae
333 2260 415 2303 secus
428 2236 497 2304 sunt'
510 2243 723 2325 diiudicaverint
737 2250 768 2302 et
789 2261 822 2303 er
840 2242 936 2302 maltis
949 2241 1199 2322 prohibuissem·

55 2328 245 2388 verisimilibus
259 2329 349 2388 latens
363 2347 461 2389 rernm
480 2329 598 2388 tandem
619 2330 753 2389 eruerint.
783 2327 884 2406 quodsi
896 2327 1036 2404 utrinque
1056 2329 1185 2403 sint‚.·nt

55 2415 211 2491 contingit,
234 2414 307 2473 adeo
329 2415 409 2495 paria
430 2418 570 2476 rationum
592 2407 1005 2501 momenta,·at·m'bil·posrit
1018 2412 1190 2495 birtihsre
1212 2464 1222 2487 ,

56 2506 239 2558 controversa
253 2499 401 2570 eonstitui,
419 2498 822 2560 boeburnarsaetribueueluns
836 2503 880 2556 est
899 2497 1088 2571 imbecillitati,
1108 2512 1186 2576 quse

54 2583 142 2642 efficit
162 2588 195 2644 ut
214 2584 341 2644 homines
362 2582 406 2644 r‘ei
427 2587 455 2644 in
478 2584 571 2646 meilia
591 2585 762 2671 iueesaepe
782 2583 921 2661 caligent,
942 2596 1001 2643 nori
1023 2588 1119 2643 antem
1140 2583 1204 2643 rel

55 2667 287 2746 Dogmatieorum
309 2670 353 2729 vel
374 2671 569 2751 Scepticorum
588 2671 760 2747 doetrinae,
775 2688 849 2747 quae
870 2666 1072 2753 prom-quod
1125 2674 1184 2727 test

55 2755 181 2814 addant.
209 2756 262 2813 secl
277 2757 305 2815 in
327 2754 380 2815 bac
399 2758 489 2834 magis
510 2757 623 2839 ridetur
640 2755 790 2836 probauds
809 2754 856 2814 ilis
870 2754 1074 2834 Scepticorur'n
1085 2686 1182 2898 lrleg'

36 2858 142 2914 ·quasn
157 2847 270 2913 vocant,
286 2842 365 2919 qnod
379 2841 447 2900 dum
461 2858 543 2901 snam
558 2841 699 2900 sustiuerit
712 2840 915 2911 assensionem,
931 2856 988 2898 noa
1002 2849 1061 2899 ism
1076 2847 1136 2907 tens
1167 2856 1185 2897 e

54 2943 110 2982 nec
124 2933 183 2984 taur
205 2924 286 2985 iaeile
306 2927 335 2986 in
356 2944 466 2987 errores
479 2927 681 3008 prolabuntur.
709 2932 785 3004 boae
796 2931 893 2983 missen
907 2923 1102 2984 hacteuustst
1116 2931 1185 3003 pm·

55 3011 166 3086 banda,
189 3018 220 3070 nt
240 3011 374 3088 quaezde
395 3028 463 3073 vers
477 3011 581 3073 Christi
602 3012 732 3070 doctriua
750 3011 915 3086 virtuteque
934 3009 960 3067 ei
981 3010 1184 3069 misenensi
1204 3032 1208 3041 ·
1239 3022 1243 3031 ’

53 3097 168 3172 agenda
190 3103 257 3155 sunt
277 3098 486 3158 munitium
506 3098 539 3156 iis
560 3096 698 3155 uelatum
721 3095 835 3172 quidem
859 3110 986 3170 unguens
1009 3093 1179 3154 dioeedatsr.

53 3183 156 3256 quodsi
179 3182 247 3257 fiat,
270 3183 457 3262 non-poterit
476 3184 505 3240 in
525 3181 643 3240 caeteris
657 3180 701 3239 his
715 3179 931 3239 commentarius
946 3194 1005 3237 non
1019 3198 1083 3239 esse
1097 3178 1183 3257 louge
1303 3192 1305 3197 ’

53 3265 223 3330 utilissimus.
252 3264 322 3324 hnec
340 3284 386 3324 rne
404 3272 574 3338 moverunt,
592 3272 624 3323 ut
647 3266 716 3324 dum
730 3265 769 3322 asi
782 3265 887 3325 maim
900 3264 1183 3342 aggredientium·

53 3351 128 3408 vires
147 3369 240 3430 prope
261 3350 424 3429 deficientm
441 3368 563 3432 reparo,
585 3350 660 3411 bunc
681 3349 799 3410 Sextum
820 3348 990 3431 Empiricu'rn
1010 3350 1039 3409 irs
1059 3349 1189 3427 lingnam·

52 3432 187 3495 Latinum
202 3441 350 3497 verteretis.
374 3436 422 3514 qni
432 3454 514 3497 aune
526 3435 662 3496 irs-lucens
672 3436 775 3496 exiens
794 3434 957 3495 non-otium
977 3442 1125 3516 se-*sperut
1139 3437 1183 3494 in·

53 3528 205 3581 venturum
228 3523 278 3599 qui
301 3518 534 3601 enas·lsrbentias
552 3522 896 3603 sit'ereepturus,1qussr
911 3518 1183 3593 Te,.1uimrmroe

51 3605 198 3686 Princeps,
222 3624 308 3684 quam
321 3622 380 3666 non
394 3608 507 3686 ignmm
516 3624 634 3687 ¹seruper
646 3608 750 3666 lavisse
762 3605 848 3673 literis
860 3612 892 3665 et
904 3595 1036 3682 literalis,
1060 3620 1114 3666 nse
1126 3607 1183 3664 clu·

50 3691 122 3749 bitot
136 3694 205 3771 quin
220 3694 311 3773 siper
325 3700 392 3752 tuas
403 3693 648 3770 grarimmitceoe
662 3692 880 3772 occupationes,
900 3690 1183 3777 sissupseliqusnclu

47 3777 143 3855 palam
156 3776 268 3837 Latine·
275 3777 440 3856 loquentem
453 3780 603 3843 auditurus
611 3778 694 3856 ,¹·qnl
706 3777 828 3837 (irruere¹
839 3775 960 3854 scriptus
979 3776 1053 3835 etin
1068 3792 1185 3855 espssrn
1202 3830 1205 3835 .

13 3910 21 3919 .
46 3862 172 3922 inclusus
186 3864 265 3943 psius
280 3862 506 3931 obmutescebat.
520 3864 643 3942 ,guono
656 3863 756 3923 leceris
766 3863 949 3926 ettusscriu
962 3878 1105 3920 sacrarum
1118 3860 1184 3919 lite·
1301 3896 1304 3903 .

43 3966 139 4006 rarum
159 3950 253 4019 studia
275 3948 480 4026 aliquantolum
501 3950 585 4015 animi
610 3965 698 4009 musa
716 3946 914 4019 intermiseris,
945 3964 1039 4027 spero,
1059 3948 1122 4009 iore
1151 3952 1183 4005 nt
1206 3984 1210 3993 ·

48 4034 77 4089 ia
104 4052 139 4091 eo
165 4033 294 4110 legendo
324 4035 433 4111 aliquot
453 4032 539 4095 horas
559 4033 715 4095 cohorre-
730 4039 761 4093 te
783 4026 895 4092 minime
915 4034 1070 4113 poeniteat.
1110 4032 1181 4091 vale.

42 4116 195 4190 Lutetiae,
222 4117 262 4177 lli
275 4119 383 4178 oalenrl.
400 4119 497 4180 Martii
509 4136 586 4181 auno
604 4117 696 4178 iniit.
825 4137 827 4140 ’
929 4137 935 4157 ··
986 4130 1001 4152 ²¹

393 4316 460 4329 '⁸⁵'
515 4318 718 4339 κύω-...ι-
829 4316 831 4321 ’
