2798 5198
90 346 96 373 r
208 316 288 370 xrnr
383 333 387 345 ·
558 292 614 366 ltu
635 236 774 367 snitu
796 290 997 365 nurturoo

289 459 337 519 tv.
368 460 514 518 Coniicere
535 467 578 519 eet
595 460 676 519 otiam
691 458 760 535 (levi
773 464 870 516 tamen
886 452 1063 529 coniectura)
1078 443 1226 526 Galeno‘)
1242 448 1347 527 pesle-

207 547 308 605 riordtn
329 546 431 619 luisse,
454 545 586 622 quoniam
608 546 676 603 libro
700 545 747 622 qui
772 545 895 602 decimus
917 543 954 599 de
976 537 1148 619 philosophia
1164 533 1344 611 inscribitur,

176 670 179 675 -
208 632 400 689 definitionem
414 632 567 689 medicinae
582 631 701 689 eandem
718 649 802 706 quam
822 629 892 687 libro
913 627 980 685 artis
1001 625 1126 685 medicae
1140 621 1278 681 Galenus
1299 623 1345 676 an

207 716 287 788 tulit,
308 720 446 775 scientium
460 716 624 787 salubrium,
645 735 697 774 non
711 716 856 775 salamiam
870 720 896 773 et
910 719 1070 773 neutrorum.
1084 732 1087 739 ¹
1101 714 1263 790 propterea
1285 722 1345 793 non

207 802 321 859 dixerim
336 800 412 860 huuc
426 820 489 859 esse
503 802 620 859 Sextum
636 795 910 876 Chaeronenseml),
933 776 1073 858 Pluthrchi
1088 800 1239 875 nepotem,
1255 809 1344 867 quern

208 886 292 944 lulius
307 885 482 965 Capitolinus
503 888 532 943 in
554 886 596 947 hl.
612 885 758 944 Antonino
777 886 872 944 scribit
891 886 928 963 ab
948 885 1011 963 ipso
1026 880 1069 941 M.
1085 880 1236 941 Antonino
1261 878 1356 937 aad.

202 980 267 1045 ‚tum
290 990 369 1043 esse,
391 973 523 1048 quoniam
543 990 659 1030 necesse
681 977 725 1029 est
746 970 974 1028 Chaeronensem
995 968 1133 1027 exstitisse
1153 961 1345 1023 00106010-

208 1076 293 1127 num3
332 1059 436 1115 etenim
460 1058 605 1136 profectus
624 1064 675 1113 est
705 1056 818 1133 quidem
845 1054 972 1113 Galenus
1003 1054 1124 1113 Romam
1153 1052 1207 1109 suh
1240 1048 1346 1107 eaden

161 1160 165 1167 ’
208 1142 322 1216 hlarco,
345 1144 397 1200 sed
411 1161 473 1199 cum
488 1144 539 1200 iam
557 1148 626 1200 natu
642 1142 777 1218 grandior
797 1147 872 1199 esset
892 1148 922 1199 et
937 1139 1125 1198 Commodum
1145 1134 1236 1195 filiurn
1255 1130 1346 1193 habe-

209 1233 254 1284 ret
281 1234 310 1303 et
332 1226 408 1284 bellis
431 1228 554 1285 externis
575 1233 779 1304 occuparetur,
812 1227 923 1303 fuitque
943 1223 1086 1283 Plutarchi
1111 1240 1205 1301 nepos
1227 1220 1348 1281 Stoicus

209 1330 268 1370 non
283 1311 455 1389 Pyrrhonius
462 1356 472 1386 ,
496 1320 529 1370 ut
542 1313 615 1371 insra
629 1313 735 1388 (licam,
758 1330 812 1370 nee
825 1313 898 1371 inter
912 1311 1036 1370 medicos
1051 1309 1182 1369 habetur.

279 1427 305 1493 ι)
323 1394 441 1477 Gallenos
459 1426 528 1477 circa
547 1444 572 1477 a.
590 1423 803 1492 (1200000110
820 1432 855 1479 to
874 1424 966 1477 Severi
981 1426 1127 1496 septimum
1148 1420 1303 1475 defunctus
1321 1420 1348 1470 is

106 1496 128 1509 “
209 1494 282 1545 libro
301 1495 366 1562 περὶ
383 1490 589 1552 huosunu'sssue
605 1494 765 1562 lnnsipesr‘rc
781 1511 862 1562 quem
877 1494 1013 1560 Antonini
1030 1490 1189 1563 philosophi
1208 1502 1349 1560 tempore,

210 1579 281 1614 anno
301 1561 397 1613 estatis
415 1566 448 1613 st
467 1568 627 1643 composuit,
642 1574 794 1679 postremos
811 1581 847 1643 ⁸¹.
858 1563 1002 1632 Empirieis
1016 1558 1349 1643 mamorlstthenodotuss

210 1641 238 1682 st
255 1628 416 1693 Theudoris,
453 1648 481 1679 us
495 1630 602 1681 Laertio
614 1630 641 1679 T
660 1628 743 1681 codas
760 1630 940 1685 Laodicenos.
958 1627 1055 1681 eodem
1071 1630 1182 1680 Laertio
1198 1637 1275 1681 teste
1288 1624 1349 1677 Me·

211 1696 341 1751 nodotum
360 1647 512 1749 llaroiiotsss
529 1698 671 1748 Tarsensis
689 1696 810 1763 audivit,
832 1697 1003 1750 Herodotum
1020 1697 1119 1749 Sextus
1135 1706 1241 1747 noster.

277 1780 304 1847 A)
322 1794 395 1833 recte
408 1779 543 1848 Cognatas
553 1780 666 1831 Sextum
684 1769 902 1833 Chaeronensem
913 1779 1035 1833 Stoicum
1052 1792 1081 1833 et
1098 1789 1192 1831 nostro
1205 1777 1348 1847 antiquio·

209 1870 282 1915 rsnr,
300 1851 434 1900 Antonini
452 1848 609 1919 philosophi
626 1852 783 1916 magistrum
802 1867 817 1898 a
837 1850 1091 1920 iunioraEnrpirico
1104 1846 1266 1914 distinguit,
1285 1844 1350 1897 ticet

211 1920 309 1970 Suidss
327 1916 477 1969 confundet
494 1917 609 1986 aliisque
627 1916 700 1967 idem
716 1915 835 1968 faciendi
856 1935 947 1967 susum
965 1917 1131 1987 praebuerit.
1158 1914 1211 1967 sed
1230 1913 1349 1981 csgnnt

139 2032 146 2051 ,
210 1987 370 2038 sententium
388 1984 506 2054 probant
522 1983 695 2037 Cesauhonus
713 1996 741 2036 et
757 1985 907 2036 Salmasius
924 1983 960 2035 sd
977 1986 1038 2036 lulii
1052 1982 1206 2055 Capitolini
1225 1980 1351 2033 Antoni·

212 2074 293 2119 num,
317 2055 428 2104 loannes
445 2052 566 2103 Rusldus
587 2056 616 2102 ln
632 2052 769 2105 Plutarchi
792 2054 849 2104 rita
868 2072 889 2107 e.
906 2059 942 2118 ⁶,
966 2054 1080 2113 loannes
1099 2052 1205 2104 lessius
1224 2054 1243 2103 3
1260 2054 1301 2102 ta
1318 2049 1350 2099 ds

211 2122 390 2193 scriptoribus
414 2122 475 2172 hist.
492 2119 645 2190 philosoph.
662 2120 786 2172 Andreas
804 2121 936 2172 Docsrius
958 2121 992 2171 ad
1010 2124 1049 2173 Μ.
1067 2119 1262 2183 Antoninum,
1291 2118 1350 2169 Lu-

211 2189 328 2259 dolphus
346 2189 476 2239 Kusterus
494 2188 529 2240 ad
547 2188 659 2239 Suidsm
678 2201 728 2241 ete.
746 2190 826 2240 huius
840 2188 1033 2242 Chaeronensis
1053 2206 1107 2240 non
1119 2188 1257 2257 Empiriei
1271 2184 1350 2237 Sexti

210 2258 354 2324 imaginem
373 2256 485 2307 exhibet
502 2272 600 2306 numus
617 2254 691 2325 apud
710 2258 762 2307 lad
779 2257 912 2325 Sponinm
929 2276 959 2326 p.
978 2262 1028 2310 14⁰
1045 2255 1201 2308 Miscellsn.
1219 2252 1351 2307 eruditae

210 2321 1352 2463 :ttiitiiitt'it‘tthibilihilde'itiitit‘ttlt'tlffitbdl‘

296 2496 331 2557 V.
361 2497 466 2555 Sextus
492 2497 640 2575 empiricae
662 2504 757 2557 sectae
777 2496 918 2573 medicus,
948 2498 1048 2558 Gelani
1069 2494 1232 2563 testimonio
1257 2488 1353 2577 durus

212 2583 282 2641 libro
305 2584 330 2641 ei
351 2583 494 2661 adscripto
516 2583 564 2659 qui
585 2581 709 2643 Medicus
730 2583 880 2662 inscriptus
900 2591 945 2643 est
973 2602 1024 2643 seu
1045 2584 1211 2645 introductio
1233 2581 1353 2662 ciipnl.

213 2669 261 2744 qui
283 2674 388 2726 sectum
409 2669 568 2746 empiricam
590 2668 788 2726 corroborasse
807 2670 914 2735 fertur.
937 2668 1006 2727 ullus
1026 2666 1112 2745 lnitl)
1134 2686 1223 2745 quarn
1246 2660 1353 2727 hic'tle

213 2772 270 2829 quo
288 2753 454 2833 loquimur„
470 2751 543 2811 hanc
557 2753 670 2828 quidem
685 2760 755 2831 puto
769 2754 856 2812 suissc
871 2772 983 2813 causum
1003 2773 1054 2812 cur
1067 2752 1261 2831 Pyrrhonium
1277 2753 1354 2813 hunc

212 2838 296 2913 aliqui
310 2837 480 2916 Empiricum
499 2830 718 2915 appellaverint,
747 2846 882 2917 putentes
904 2840 1035 2898 eundem·
1048 2857 1109 2897 esse
1137 2857 1192 2897 nec
1217 2838 1353 2899 animad-

213 2930 357 2981 vertentes
392 2921 467 2979 hune
495 2922 683 2981 methodieum
712 2925 807 3000 potius
835 2925 922 2983 titisse
949 2931 978 2983 et
1008 2925 1119 2983 Galerio
1146 2925 1352 3002 posteriorem.

213 3027 299 3084 quem
314 3026 382 3065 uero
397 3006 524 3064 Grdenus
538 3007 657 3066 Sextum
671 3009 796 3082 curarit,
817 3016 850 3067 ut
863 3017 959 3067 narrat
978 3009 1049 3067 libro
1068 3011 1106 3069 acl
1120 3007 1298 3073 Postumum
1307 3014 1350 3085 ⁸),

214 3112 249 3150 ex
269 3094 311 3151 his
331 3091 438 3151 nullum
459 3110 523 3149 esse
542 3093 610 3149 satis
628 3092 692 3151 mihi
711 3111 878 3171 persuasum
899 3102 962 3167 est,
981 3113 1042 3152 non
1062 3096 1136 3153 euim
1153 3094 1293 3153 Galenus
1307 3115 1351 3153 co·

214 3197 337 3255 gnomen
353 3185 382 3235 et
397 3179 601 3255 professionem
616 3179 677 3236 eius
691 3180 839 3251 omisisset,
856 3180 878 3238 si
892 3187 943 3237 aut
956 3181 1082 3239 medicus
1094 3185 1145 3238 aiut
1160 3178 1350 3259 philosophus

214 3265 382 3335 exstitisset,
404 3282 472 3321 eum.
482 3264 511 3320 id
525 3265 553 3320 in
568 3263 684 3321 aliorum
696 3266 840 3341 mentione
852 3282 913 3323 000
926 3266 1060 3327 omiserit.
1295 3288 1299 3295 ·
1337 3294 1340 3303 ·

282 3378 304 3444 l)
322 3377 399 3427 nullo
416 3376 516 3427 idoneo
534 3386 694 3443 argomento
718 3378 836 3448 probare
851 3380 943 3447 potuit
960 3376 1094 3449 Cagnstns
1116 3378 1349 3432 diversantur

131 3454 138 3467 ’
214 3464 273 3498 esse
298 3447 401 3495 auctori
423 3447 544 3512 isagoges
571 3457 746 3496 suemus-stum
764 3446 876 3498 Sextum
893 3448 1060 3517 Empiri'osm
1087 3466 1102 3498 a
1124 3458 1238 3510 nostro,
1254 3466 1350 3519 ,qm

214 3513 398 3565 methorlicum
416 3512 500 3563 luisse
517 3531 573 3564 uon
588 3514 747 3582 empiricam
764 3515 822 3565 sols
839 3517 997 3567 coniectura
1013 3517 1111 3567 ductus
1127 3527 1225 3567 eontra
1246 3516 1350 3569 diserta

214 3600 269 3635 nsss
287 3580 411 3633 codicum
429 3592 455 3631 et
474 3581 575 3631 Loiirtii
593 3599 624 3637 ec
641 3581 742 3633 Suidae
759 3584 913 3635 testimonis
931 3585 1037 3655 arguit,
1054 3602 1115 3637 cum
1134 3583 1237 3653 quihus
1255 3587 1283 3639 si
1298 3587 1351 3637 iss·

215 3667 301 3718 gogen
319 3648 457 3712 conteras,
477 3646 511 3698 de
528 3658 620 3701 nostro
638 3666 789 3701 sermonem
806 3651 848 3701 illi
866 3668 923 3701 esse
941 3653 1099 3735 neutiquam
1118 3650 1275 3707 dubitabis.

283 3736 321 3799 m)
345 3734 416 3785 libro
440 3732 476 3783 ad
501 3734 649 3804 Epigenern
673 3735 736 3802 περὶ
757 3738 807 3787 τοῦ
832 3734 1052 3817 rspopsruiornv,
1077 3756 1100 3789 o.
1118 3740 1152 3790 10
1177 3726 1288 3789 Sextus
1312 3726 1357 3805 (in¹

215 3802 280 3869 edit.
298 3801 398 3853 Aldine
415 3818 521 3872 semper
540 3803 654 3866 Εξστος)
669 3799 833 3855 myrarum
854 3802 928 3872 uiue,
952 3801 1108 3874 φιλόνεικος
1125 3800 1166 3857 ὢν
1183 3801 1320 3873 ἐσχάτως,

300 3924 347 3983 Vl.
378 3924 481 3983 Suidas
503 3942 591 3982 unum
622 3924 788 3999 memoravit
810 3924 926 3983 Sextum
951 3922 1182 4005 Chaeronensem
1204 3925 1353 3987 Plutarchi

215 4018 367 4091 nepotem,
387 4010 507 4069 alterum
526 4008 678 4085 Libycum,
704 4016 855 4087 utrumqne
876 4030 943 4067 vero
970 4019 1048 4069 secta
1067 4010 1271 4088 Pyrrhonium.
1300 4012 1352 4071 sed

215 4114 316 4169 uereor
339 4115 376 4154 ne
399 4097 436 4153 de
451 4090 682 4175 0100000001)
704 4095 790 4152 salsus
811 4097 861 4152 sit:
883 4096 969 4152 lrrlius
990 4096 1064 4153 enim
1085 4096 1268 4175 Capitolinus
1287 4098 1353 4157 milti

137 4208 142 4219 ·
215 4183 328 4239 videtur
342 4182 444 4240 Stoicis
462 4180 537 4237 illum
559 4180 707 4253 addicere3
729 4200 852 4256 namque
871 4180 955 4245 iniit.
970 4180 1115 4240 Antonino
1135 4183 1247 4258 iuquit:
1269 4184 1353 4243 audi·
1373 4198 1376 4203 ’

216 4269 256 4324 vit
279 4275 307 4323 et
331 4267 447 4325 Sextum
471 4266 667 4323 Chaeroneam
689 4264 830 4333 Plutarchi
859 4274 1011 4343 nepotem,
1050 4258 1160 4333 lunium
1183 4266 1353 4341 Rusticum,

216 4353 366 4410 Claudium
386 4352 537 4409 Maximum
558 4357 587 4408 et
610 4352 731 4409 Cinnam
751 4344 900 4425 Calulnm,
935 4352 1056 4409 Stoicos.
1092 4352 1189 4428 itaque
1209 4352 1257 4413 hie
1283 4373 1355 4415 uere

216 4438 387 4514 Pyrrhnuius
407 4436 530 4513 Libycus
541 4440 569 4509 ⁰)
595 4435 638 4493 ille
659 4437 753 4514 potius
775 4456 860 4513 quam
882 4437 1089 4495 Chaeronensis
1110 4439 1275 4513 credendus
1299 4445 1355 4500 est

216 4522 389 4604 Porphyrius
410 4522 479 4581 libro
494 4522 706 4581 Homericarum
726 4523 960 4599 quaestionuml')
982 4522 1060 4583 seni
1081 4520 1178 4583 laudat
1202 4525 1354 4608 interpre-
