2798 5198
412 274 590 343 FAlllthli
611 274 847 343 usurcsuro.
874 287 878 293 '
1036 360 1047 381 1
1149 298 1195 343 vn

151 434 302 499 Nimirum
328 404 504 519 respulilics
529 436 607 497 lrsec
634 432 893 517 llamlrurgeusis,
927 434 1014 497 cuius
1045 454 1195 499 rue-esse

46 540 163 601 -cirem
188 542 323 623 gaudeo,
359 548 430 603 aute
458 542 553 601 breve
580 547 702 620 tempus
731 538 875 619 insignito
897 540 1013 620 gratiae
1043 560 1079 600 uc
1100 541 1195 601 trenc-

64 644 217 727 rcleutiae
247 645 333 708 'l'uae
363 647 491 727 pignore
522 650 555 704 et
583 643 834 705 commerciorum
865 642 964 705 lilrere
995 642 1196 724 frequentau-

64 750 172 810 dorum
196 750 299 810 fructu
330 769 365 809 ac
394 748 561 810 securitate
589 765 646 827 per
679 746 890 807 tractationem
922 766 989 807 curu
1022 747 1196 809 civitatibus

63 852 256 915 liauseirticis
284 854 386 914 initam
417 858 563 925 mactata,
598 850 673 910 milri
701 852 835 913 animum
864 851 981 912 addidit
1008 850 1194 927 confidendi,

66 957 148 1036 quod
170 956 249 1017 lranc
279 976 375 1017 meam
404 955 559 1016 arrdaciam
592 974 653 1014 arcu
675 954 877 1015 inclementer
899 974 984 1014 esses
1007 955 1193 1036 interpreta-

18 1104 22 1110 -
61 1066 159 1121 turus.
190 1066 223 1121 et
245 1059 357 1120 Sextus
379 1059 570 1139 Enipiricns,
600 1057 733 1136 scriptor
760 1056 843 1117 lraud
873 1056 1016 1137 ignobilis
1041 1078 1132 1138 quern
1162 1059 1193 1119 in

62 1164 122 1223 huc
144 1162 299 1224 volumine
315 1162 453 1242 expolire
470 1161 684 1241 qualicumque
707 1160 810 1221 studia
831 1180 902 1221 meo
925 1161 1052 1234 institui,
1075 1158 1193 1221 Galliac

61 1267 192 1347 primum
221 1265 322 1325 lucem
345 1265 457 1337 (lebet,
486 1263 590 1327 Gallos
609 1264 708 1325 Tuas
741 1264 1056 1349 primumveditorcs,
1085 1263 1191 1325 Gallos

60 1371 245 1449 interpretes
267 1369 389 1428 habuit:
417 1365 513 1429 soluit
536 1369 629 1450 igitur
657 1369 717 1429 iam
741 1386 862 1447 quoque
891 1369 1001 1427 iterum
1024 1366 1190 1427 domuitio-

59 1492 130 1553 nem
153 1491 287 1553 pergere
314 1472 344 1531 iu
368 1471 497 1532 Galliam
527 1477 559 1530 et
582 1471 680 1530 ei'mui
702 1450 800 1529 Gallia
823 1469 953 1530 salutem
981 1469 1092 1546 debet,
1120 1488 1190 1531 cum

57 1556 229 1639 maslines
251 1596 300 1636 mc
323 1575 430 1635 ollerri
451 1595 486 1635 ac
509 1574 694 1635 cousecrari.

37 1718 40 1727 ·
143 1672 233 1740 iletre
256 1680 357 1758 itaque
381 1679 481 1752 illum,
512 1677 659 1757 Princeps
682 1675 877 1749 celsissime,
900 1675 936 1734 ab
960 1675 1084 1736 immine
1106 1673 1189 1737 Ger·

58 1802 166 1857 mano,
194 1788 226 1841 et
250 1781 394 1842 clementi
418 1779 508 1840 ocrrlo
538 1781 695 1859 respicere
717 1779 841 1857 dignare
864 1778 964 1838 devoti
986 1780 1188 1859 interpretem

57 1886 159 1946 animi.
190 1884 266 1944 fauit
294 1885 386 1958 deus,
418 1890 451 1943 ut
480 1903 571 1961 porro
596 1883 644 1942 Te
672 1887 817 1943 statorem
850 1884 932 1962 pacis
965 1902 1000 1942 ac
1029 1882 1187 1943 felicitatis

57 1986 198 2067 publicae
227 1981 309 2046 laeta
344 1986 519 2066 experiatur
553 1984 667 2058 Gallia,
701 1983 863 2045 Germania
896 1986 987 2046 etiam
1018 1992 1122 2045 nostra
1155 1992 1187 2045 et
1268 2006 1270 2011 ’

57 2090 155 2149 omnis
176 2086 299 2167 Europa
322 2089 447 2161 sentiat,
479 2108 626 2168 praeseus
649 2094 733 2149 amet
756 2084 980 2169 applaudatque
1001 2094 1106 2161 actm,
1128 2109 1186 2169 po-

56 2202 139 2253 stera
168 2186 383 2252 admirabunda
407 2176 556 2254 imitetur.
599 2193 708 2273 scripsi
731 2191 899 2272 Hamlrurgi
924 2189 948 2252 V
970 2190 1082 2252 Nonas.
1110 2190 1186 2253 Maii

55 2315 132 2359 anuo
154 2292 381 2357 Muccurum.
