2798 5198
581 294 815 372 naulorum.
965 287 968 293 ’
1197 320 1260 369 ιιι
1347 333 1383 380 ,χ

76 464 90 501 ¹
134 460 162 519 in
183 479 241 518 uuo
272 460 431 539 codemque
460 460 529 521 libro
560 462 724 536 habebunt,
753 480 828 540 quae
851 478 885 523 ex
906 458 988 523 iuriis
1010 458 1136 541 peteuda
1156 458 1263 535 forent,

76 551 91 588 ¹
133 547 220 605 multa
244 547 347 620 etiam,
370 566 443 625 quae
463 548 541 628 apud
561 548 629 607 alios
652 549 864 622 obscurissime,
895 547 973 627 apud
992 545 1068 607 hunc
1090 546 1264 626 apertissime

76 637 91 674 ¹
132 637 254 690 tractata
268 591 424 712 repolicnt:
447 653 510 693 cum
527 641 622 693 tamen
638 641 742 694 auctor
758 634 802 693 hic
822 634 1006 707 breuitatem,
1028 633 1072 692 cui
1093 650 1188 692 comes
1210 632 1261 691 ob·
1360 664 1363 669 <

76 722 98 763 Ι
134 717 251 776 ιιιιίιιι
272 737 334 777 esse
356 719 444 792 solet,
468 726 593 778 sectatus
614 720 663 779 sit:
686 720 721 778 illi
742 726 842 779 contra
862 721 925 779 luse
944 736 978 778 sc
994 719 1108 798 copiose
1121 710 1264 817 pesecuti

76 808 87 847 ¹
134 822 168 861 ea
183 803 297 865 luerint.
327 806 404 881 quod
420 807 550 883 prolecto
565 805 720 892 admirabili
734 807 844 865 cuidam
858 805 1006 878 methodo,
1032 804 1167 863 Ιιιιιιιίιο
1181 820 1264 863 acce·

76 895 87 935 Ι
133 895 214 968 ptum
234 890 383 949 terendum
408 898 461 951 est.
491 899 638 970 postremo
661 900 768 951 utens
782 892 890 966 ιιίιιι,
913 892 961 970 qui
981 907 1015 951 ex
1038 887 1114 949 libris
1133 887 1263 949 omnibus

79 984 85 1037 t
132 974 310 1053 philologiam
325 976 478 1055 praecipue
494 982 523 1035 ιι
536 974 745 1056 polyhistoriam
759 975 870 1035 haurire
889 977 1013 1048 solent,
1010 973 1115 1052 aliquo
1129 974 1194 1034 mihi
1207 973 1262 1032 ob-

76 1061 270 1137 'stringam
290 1059 445 1135 beneficio,
466 1059 517 1121 tuis
538 1063 615 1121 enim
636 1062 664 1119 in
686 1069 749 1121 toto
768 1063 829 1121 scre
843 1062 934 1141 primo
949 1061 1043 1133 libro,
1056 1078 1091 1121 ac
1110 1059 1263 1140 praecipue

76 1154 78 1173 ³
131 1145 161 1202 in
179 1145 354 1223 expositione
375 1146 441 1206 τῶν
461 1141 535 1206 δέκα
556 1139 683 1228 τρόπων
702 1148 760 1226 τῆς
780 1144 920 1223 σκέψεως
939 1103 1062 1226 umpltlsa
1077 1144 1193 1206 ιιιίιιιο
1207 1163 1263 1224 po·

131 1230 299 1306 lymnthiae,
324 1229 526 1309 polyhistoriac
546 1251 581 1293 ac
602 1233 728 1310 deniquo
739 1230 909 1312 philologiae
921 1233 1097 1293 thanorum.
1126 1229 1261 1291 ιιιιιιιι

130 1317 192 1373 scre
215 1334 333 1389 causac„
356 1335 431 1393 quae
452 1334 498 1375 me
517 1318 555 1377 sd
575 1317 718 1376 edendum
740 1317 816 1377 bunc
836 1318 937 1377 librum
950 1306 1132 1397 impulerunt.
1162 1332 1262 1374 ιιιιιιι

130 1400 241 1458 obiiciat
262 1403 384 1459 fortasse
408 1401 597 1480 philosophiae
621 1403 764 1461 studiosus
788 1403 906 1480 aliquiss
928 1403 1073 1481 quomodo
1092 1400 1187 1475 huuc,
1212 1398 1262 1476 qui

129 1485 234 1544 bellum
248 1485 440 1565 philosophiae
460 1487 592 1546 indixisse
606 1482 735 1560 videtur,
760 1487 844 1546 ullum
865 1489 935 1547 meis
956 1487 1054 1545 studiis
1069 1487 1263 1550 adimantum

130 1571 279 1628 allaturum
294 1569 415 1650 putcml
437 1590 492 1648 ego
507 1590 574 1630 acro
595 1591 678 1646 eum,
702 1572 829 1648 quisquis
851 1570 924 1631 hunc
945 1572 983 1630 de
996 1572 1085 1631 Sexto
1099 1570 1262 1649 opinionem
1339 1644 1345 1659 ⁸

131 1656 304 1733 conceperit,
321 1662 395 1735 totp,
410 1656 489 1732 quod
504 1657 592 1730 aiunt,
610 1655 688 1715 coelo
703 1675 798 1715 errare
811 1656 983 1716 existimabo.
1003 1656 1055 1715 nisi
1069 1656 1144 1713 lrste
1157 1656 1186 1713 in
1199 1653 1263 1735 phi·
1326 1674 1330 1683 ·
1353 1666 1365 1680 ⁴·

129 1740 286 1819 losophiam
301 1742 443 1818 eum-'quis
456 1741 549 1799 invehi
564 1742 784 1820 interpretetur,
807 1743 905 1819 quiin
928 1760 962 1801 eo
983 1741 1046 1820 ipso
1062 1738 1262 1821 philosophos,
1394 1812 1397 1819 .

133 1827 214 1903 quod
233 1825 305 1885 male
320 1829 358 1885 de
372 1824 546 1909 philosophia
560 1827 651 1884 meriti
666 1827 722 1885 sint
737 1833 766 1885 et
780 1827 925 1887 tammalc
937 1824 1141 1906 philosophati,
1159 1831 1191 1885 ut
1205 1825 1262 1887 suis
1395 1826 1398 1844 '

81 1918 84 1922 “
132 1910 287 1969 rationibus
312 1909 582 1990 ipsatphilcsophiae
607 1912 742 1989 dogmata
767 1913 840 1971 tueri
869 1931 929 1973 non
958 1912 1084 1992 possint,
1117 1911 1278 1971 interdurn.

129 1995 255 2072 graviter
277 1994 483 2075 reprehendat,
508 1996 652 2057 interdum
673 2016 742 2057 nero
759 1998 874 2057 irrideat
887 1997 1005 2076 aliisque
1019 1997 1176 2057 irridendos
1191 2015 1261 2077 ριιι,
1337 2018 1340 2024 ·

129 2081 218 2159 pinet
246 2081 312 2139 ideo
327 2099 389 2139 cum
405 2079 558 2158 aliquidex
573 2082 620 2154 iis,
644 2101 719 2160 quae
739 2092 916 2162 posuerunt,
934 2084 1053 2157 evertit,
1074 2082 1129 2143 hoc
1148 2100 1261 2190 sempe

128 2166 220 2239 addit,
240 2172 291 2224 aut
304 2172 447 2243 tunquam
463 2167 590 2247 additum
606 2186 623 2225 a
638 2168 718 2227 uobis
733 2166 792 2227 vult
808 2163 971 2269 intelligi,
954 2186 1030 2233 οσον
1044 2165 1093 2227 tul
1114 2171 1181 2240 τοῖς
1200 2161 1257 2227 ὑπ

129 2245 234 2310 αὐτῶν
247 2248 437 2330 λεγομένοις.
464 2270 517 2311 ιιι
530 2253 648 2311 tamen
642 2271 664 2311 ιι
679 2272 760 2324 suna,
784 2252 833 2331 qui
847 2256 934 2331 magis
948 2252 1064 2314 subtiles
1078 2271 1164 2331 quarn
1178 2271 1259 2312 verus

129 2337 208 2393 Sexti
222 2336 427 2414 disputationes
442 2356 505 2396 csse
519 2338 662 2415 ignorem:
685 2338 742 2397 imo
756 2358 824 2398 vero
839 2356 877 2398 ιι
891 2341 1009 2400 Sextum
1031 2339 1146 2437 quidem
1167 2337 1260 2397 idle·

128 2422 217 2481 tuisse
226 2422 390 2500 putandum
405 2428 466 2493 ιιι,
489 2421 629 2483 hominem
644 2417 936 2504 φιλισιφικιὺιατιν
954 2431 984 2482 ιι
1006 2425 1141 2483 acerrimo
1155 2423 1259 2483 iudicio
1288 2436 1298 2442 ·

129 2507 235 2586 pariter
248 2514 336 2584 atque
349 2507 462 2583 ingenio
476 2505 721 2587 praeditum-sive
734 2510 896 2569 ostentandi
909 2509 1042 2571 acuminis
1055 2508 1159 2586 ingentii
1174 2526 1272 2579 cansa«

130 2592 188 2650 sive
203 2593 327 2668 quodam
343 2592 550 2670 philosophicae
564 2594 730 2653 temeritatis
745 2595 810 2654 odio
824 2594 895 2654 haec
915 2593 1074 2677 scripserit,
1096 2599 1130 2653 ut
1142 2600 1259 2670 gentem

129 2677 244 2735 nimium
258 2679 382 2753 quietam
397 2682 427 2735 et
440 2695 492 2743 suo
513 2678 638 2755 quodam
660 2696 749 2756 regno
769 2698 804 2739 ac
822 2679 933 2747 licentia
958 2681 1072 2741 nimium
1092 2679 1259 2741 abutentem

130 2761 289 2820 sollicitaret
304 2762 387 2839 eique
401 2768 541 2839 quantum
556 2771 654 2842 posset
669 2765 774 2842 negotii
788 2766 950 2827 lacesseret
970 2767 1022 2825 sed
1037 2765 1145 2823 interim
1159 2763 1258 2823 huius·

129 2847 206 2905 modi
218 2847 456 2927 disputationibus
466 2848 574 2907 veritati
583 2849 771 2909 offunduntur
783 2851 931 2923 tenebrae,
946 2849 998 2909 ais.
1009 2847 1105 2928 quaid?
1118 2849 1209 2917 times,
1221 2866 1260 2907 ne

129 2951 147 2990 a
161 2933 307 2992 mendacio
322 2934 424 2992 veritas
438 2933 520 2992 uobis
534 2933 730 3013 opprbnatur‘l
750 2932 816 2994 hoc
818 2936 902 2995 etiam
916 2935 1026 3005 timeto,
1044 2934 1156 3012 quoties
1167 2931 1259 2993 utem

128 3019 157 3076 in
172 3019 277 3077 nubem
299 3019 443 3087 conditum
463 3018 587 3091 videbis,
608 3037 646 3079 nc
668 3019 785 3079 nubium
806 3019 896 3104 caligo
918 3018 1012 3084 lumen
1034 3021 1094 3077 ιίιιι
1108 3012 1258 3077 nobiseri·

127 3104 205 3184 piat:
228 3109 279 3161 aut
292 3105 402 3204 potitus,
425 3104 537 3181 quoties
552 3094 639 3163 solelu
654 3100 736 3164 suast
733 3124 799 3165 aare
820 3099 904 3165 lunae
919 3118 1014 3165 crasso
1036 3109 1066 3162 ιι
1080 3102 1258 3163 tenebricoso
1347 3101 1349 3105 ’

128 3207 248 3266 corpore
261 3188 441 3267 interipsum
455 3194 485 3245 et
505 3189 639 3247 obtutum
659 3196 788 3248 nostrum
809 3189 977 3293 interposito
1002 3207 1115 3261 ιιιιιι,
1138 3187 1176 3248 de
1197 3188 1274 3263 eius¹
1341 3201 1345 3208 ’

127 3274 191 3331 lucc
212 3254 306 3330 ιιιιιιι
328 3291 391 3335 esse
411 3273 535 3331 existima
556 3273 704 3350 vicemque
725 3278 883 3347 nostram,
892 3292 941 3352 qur
932 3266 1073 3353 κόσμοι
1087 3265 1236 3353 ἀνήλωιι
1227 3290 1258 3332 ιιι

128 3364 274 3438 posterum
288 3357 407 3416 habituri
425 3375 540 3428 sumus,
561 3357 687 3437 deplora.
717 3374 781 3419 rum
801 3361 875 3419 enim
890 3361 1019 3432 eveniet,
1042 3365 1076 3421 ιι
1087 3361 1257 3441 sophismata

129 3461 163 3500 uc
189 3440 346 3519 quamlibet
366 3448 449 3502 acuta
474 3449 503 3501 ιι
523 3443 592 3502 scita
612 3445 757 3504 menrhcia
780 3445 895 3505 veritati
911 3463 991 3505 suam
1011 3445 1101 3505 lucem
1123 3446 1257 3529 eripiant,

84 3571 89 3576 .
128 3533 288 3586 certatum
310 3544 442 3605 quoque,
465 3533 497 3586 ut
515 3528 606 3588 nubes
629 3529 674 3589 rel
695 3530 761 3590 lnna
784 3530 850 3591 solis
871 3531 1051 3611 splendorem
1071 3531 1099 3590 in
1123 3518 1257 3590 tenebras

128 3617 258 3688 vertant,
281 3613 398 3679 accidet.
428 3630 483 3673 nec
496 3632 564 3673 vero
578 3632 644 3703 aurp
656 3613 821 3677 Democrito
836 3611 869 3677 lv
888 3616 985 3700 βυθῷ
1006 3608 1081 3677 alsus
1102 3611 1160 3695 τὴν
1180 3611 1258 3696 disp·
1300 3628 1303 3632 ’

126 3695 218 3777 θείην
240 3698 453 3758 existimandum
468 3702 513 3757 est
526 3707 629 3778 suapte
650 3703 764 3779 quidem
787 3704 907 3775 nature,
928 3703 980 3761 sed
998 3702 1093 3781 pravis
1112 3700 1257 3761 hominum

129 3783 328 3862 opinionibus
319 3794 350 3844 ιι
363 3784 507 3875 profundo
522 3785 636 3861 quidem
649 3785 721 3846 illam
736 3792 766 3847 et
780 3787 844 3846 olins
858 3787 948 3847 sutus
958 3786 1116 3847 deruersasu
1129 3792 1159 3845 et
1173 3786 1257 3847 hodie
1365 3779 1372 3784 ⁵

127 3869 269 3946 demergi,
291 3870 330 3928 ita
344 3875 456 3941 tamen,
478 3876 530 3945 ιι,
551 3870 623 3930 scut
644 3869 708 3930 olim
730 3871 857 3946 emersit,
879 3872 919 3931 sic
932 3873 1016 3933 ιιιιι
1030 3870 1114 3931 bodie
1128 3877 1256 3949 emergat

129 3968 299 4033 semperque
313 3973 455 4015 emersura
470 3956 515 4015 sit.
542 3956 611 4033 quin
632 3956 716 4015 ιιὶιιιι
734 3963 845 4017 tanturn
865 3957 963 4032 abest,
983 3962 1033 4016 ιι
1039 3957 1141 4016 verius
1160 3975 1256 4039 appu·

128 4046 217 4115 gnata
241 4040 394 4118 expugnari
418 4039 462 4099 vel
487 4040 548 4099 eius
567 4039 613 4099 lux
635 4042 787 4101 mendaciis
809 4030 894 4100 obrui
910 4001 1017 4123 pulait,
1037 4048 1071 4102 ut
1091 4043 1209 4122 perinde
1223 4051 1256 4101 ιιι

128 4141 229 4183 manns
242 4142 276 4181 er
289 4125 514 4183 contrectatione
529 4124 599 4187 nivis
613 4144 665 4205 per
676 4120 927 4209 ιιιιπεριστασιν
942 4127 1064 4187 colorem
1081 4127 1168 4208 paulo
1188 4133 1256 4207 post

128 4209 261 4286 acquirit,
282 4210 320 4266 ita
335 4210 417 4268 etiam
433 4210 534 4269 veritas
549 4210 641 4269 offitia
655 4210 701 4271 illa
708 4212 851 4285 mendacii
866 4213 985 4291 caligine
996 4213 1071 4273 haud
1086 4212 1174 4271 multo
1188 4221 1256 4292 pust

128 4314 203 4354 nova
222 4295 344 4372 quadam
365 4294 427 4353 lucc
448 4302 535 4353 aucta
552 4296 690 4356 videatur.
704 4297 771 4359 sed
794 4316 841 4356 sus
862 4297 1027 4357 Minervam.
1052 4295 1117 4359 vale
1132 4298 1272 4358 ilenrice,
1341 4366 1345 4373 ,

126 4380 283 4450 carissima,
307 4387 337 4439 ιι
351 4378 415 4439 hoc
419 4380 615 4440 munusculum
637 4380 673 4440 ab
694 4382 788 4442 auimo
800 4389 892 4459 grato
911 4383 1070 4475 protectum
1089 4384 1186 4463 accipe
1199 4383 1254 4443 Ti·-

126 4465 213 4542 biqne
224 4466 380 4587 persuade,
401 4464 465 4527 nibil
479 4466 543 4527 mihi
558 4462 666 4616 gratim
680 4484 766 4546 quam
781 4465 847 4529 libi
861 4456 1039 4546 gistillcsri
1024 4486 1095 4530 esee.
