2782 5190
405 220 716 306 'insanissima
739 213 952 308 arsenius.
991 342 993 345 Ι
1146 246 1251 314 αι

104 391 180 451 alias
203 391 422 477 significationes
441 391 621 477 φαντασία,
641 397 695 457 sed
717 415 792 475 qnae
804 398 887 457 huius
902 398 956 458 loci
968 418 1027 459 non
1042 404 1117 460 sunt.
1143 405 1174 460 at
1187 401 1243 462 hoc

104 479 352 558 praetereundum
376 484 435 538 non
457 494 519 554 est,
544 487 694 541 ‘nentates
717 484 893 543 omniafere
919 505 995 563 qnae
1016 488 1241 557 enumeravimus

107 565 201 622 verba
215 565 243 623 in
257 563 401 641 vulgarem
421 565 546 644 linguam
567 568 742 626 transtulisse
751 569 940 647 ,plantaria
958 570 1134 648 plantasie3
1150 573 1241 650 pbon·

106 655 229 723 inermi,
259 651 468 729 plantarique,
502 671 555 710 usu
583 658 679 711 tamen
711 654 883 730 aliquantum
913 656 1039 731 diverso,
1074 659 1241 736 praesertim

107 752 175 839 cuiq
189 736 288 794 dicunt
302 737 417 814 aliquem
430 757 486 795 esse
499 756 589 814 magu
600 736 801 815 phantasticum
816 760 894 819 quain
908 742 1006 801 ιιιιιίαιιι
1017 761 1118 819 papae.

195 845 224 881 as.
245 821 292 880 lib.
308 821 411 879 lsecl.
430 821 470 879 13
492 816 734 904 συγκατάθεσιν]
758 826 856 885 Cicero
875 847 1009 886 assensum
1024 830 1091 885 item
1106 820 1241 891 assessio-

106 920 165 964 nem
186 924 320 966 necnon
346 909 565 1006 approbationem
586 910 796 989 interpretatur
820 909 887 970 alibi
902 918 999 970 autem
1019 912 1089 971 haec
1108 915 1165 971 duo
1185 934 1240 993 po·

109 992 228 1050 sieriora
249 988 381 1070 copulai,
404 993 464 1051 ut
457 1013 485 1050 ιιι
506 992 644 1066 Lucullo,
673 1014 742 1054 nunc
770 996 806 1056 ilc
825 1003 976 1056 assensione
997 1003 1077 1076 atque
1104 1001 1241 1077 approba-

108 1077 198 1151 tione,
214 1096 298 1179 qnqm
317 1075 418 1137 θιαειτ·
438 1071 666 1180 συγκατάθεσιν
687 1087 786 1140 vocant
792 1125 805 1156 ‚
823 1102 912 1159 pauca
934 1083 1057 1142 dicemus.
1080 1101 1134 1141 nec
1149 1083 1239 1141 multo
1295 1084 1300 1091 '

109 1168 196 1238 post,
218 1160 546 1243 assertiunculis
567 1168 720 1226 constantia
742 1174 768 1225 ct
780 1169 905 1278 firmitas
926 1187 962 1227 ea
982 1172 1018 1227 iis
1037 1170 1116 1226 rebus
1135 1175 1241 1228 constat

110 1249 203 1324 quibui
224 1268 336 1307 assensa
357 1256 411 1324 est,
432 1269 500 1327 qnos
521 1253 694 1328 approbavit,
714 1252 745 1310 id
762 1259 821 1326 est,
844 1245 896 1324 αἷς
917 1251 1136 1333 συγκατέθετο.
1164 1253 1241 1319 idem

109 1328 134 1390 in
161 1333 265 1392 eodem
283 1334 353 1391 libra
375 1334 460 1412 paulo
484 1342 552 1394 ante
573 1337 791 1419 praecedentem
802 1338 914 1412 locum,
936 1339 984 1397 sed
1004 1341 1038 1398 ile
1058 1343 1241 1400 inconstantia

110 1422 192 1478 totins
212 1420 318 1478 illorum
340 1423 483 1479 sententiae
504 1422 546 1495 (si
570 1422 629 1480 ulla
651 1427 782 1482 sententia
807 1443 961 1502 cuiusquam
982 1444 1038 1483 esse
1060 1431 1152 1501 potest
1172 1425 1241 1485 nibil

109 1506 301 1589 approbantis)
328 1509 382 1564 etc.
410 1506 521 1579 idest,
551 1501 654 1566 οὐδενί
681 1488 999 1587 συγκατατιθεμένου.
1034 1509 1134 1569 alicubi
1155 1511 1240 1569 etiam

108 1593 254 1649 assensio
270 1591 438 1673 approbare
435 1591 509 1649 dicit.
540 1600 570 1648 et
585 1592 670 1669 paule
692 1601 758 1671 post
779 1599 950 1653 assertionem
971 1599 1001 1653 et
1021 1596 1240 1672 approbationem

105 1675 231 1756 copulat.
261 1682 403 1736 caeterum
424 1668 456 1733 nt
476 1680 604 1736 assentiri
622 1683 651 1735 et
672 1681 822 1755 approbare
840 1680 919 1738 ἰίἰίε
912 1700 941 1736 ιιι
961 1679 1028 1738 ἰοσίε
1054 1681 1152 1738 eadem
1177 1679 1240 1738 vult

104 1776 187 1834 esse,
221 1761 259 1819 εἰσ
280 1760 343 1818 alibi
371 1765 480 1839 opinari
506 1767 537 1820 et
557 1767 703 1829 assentiri.
736 1770 770 1822 nt
796 1783 859 1837 cnm
884 1765 979 1823 scribit
1004 1769 1149 1842 sapientem
1171 1765 1240 1824 nibil

100 1849 231 1925 opinari,
251 1846 285 1933 id
302 1852 346 1904 est
366 1864 508 1925 numquam
529 1851 657 1906 assentiri
674 1852 715 1906 rei
732 1849 775 1908 vel
789 1848 948 1927 falsasse
961 1854 1124 1926 incognitae.
1151 1851 1237 1924 idem,

101 1949 277 1991 accessurum
291 1937 378 1991 autem
392 1939 600 2010 coepiscopis,
621 1933 649 1990 id
669 1939 713 1990 est
727 1938 896 2012 opinaturum
917 1939 1061 2013 sapientem
1081 1937 1240 1996 existimem.

101 2015 198 2090 idem,
227 2016 355 2096 credoque
378 2016 543 2076 Clitomacho
564 2022 608 2077 ila
636 2020 776 2091 scribenti,
809 2018 936 2079 Heredis
963 2021 1094 2099 quendam
1124 2022 1239 2089 laborem

104 2104 277 2165 exantlatum
303 2124 322 2162 a
344 2078 499 2178 Carneade,
528 2103 599 2182 qnod
624 2110 655 2161 nl
673 2103 766 2182 feram
791 2111 818 2163 et
838 2109 976 2165 immanem
1004 2107 1118 2164 belluam
1141 2109 1185 2163 sic
1204 2121 1239 2162 ex

105 2191 204 2247 amosis
223 2192 325 2248 nostris
345 2193 520 2248 assessionem
540 2189 586 2264 (id
600 2196 640 2247 est
656 2193 834 2266 'opinationem
848 2197 875 2248 et
888 2191 1077 2264 temeritates)
1099 2193 1239 2248 extraxis-

106 2279 156 2336 set.
179 2274 244 2332 idea
260 2279 354 2332 autem
370 2274 469 2332 Cicero
484 2270 717 2332 haecconfundit
732 2281 808 2333 etex
823 2275 935 2333 duobus
951 2275 1136 2347 unumiacit,
1159 2273 1239 2351 quod

106 2370 195 2417 unum
210 2377 244 2416 ex
258 2360 345 2440 altero
361 2364 563 2460 consequatur.
586 2360 664 2416 unde
684 2359 748 2416 alibi
769 2360 835 2418 dicit
857 2363 1009 2437 opinatione
1029 2365 1056 2417 et
1071 2362 1240 2436 perceptione

108 2445 216 2504 mblata
243 2451 368 2524 sequatur
388 2447 501 2502 omnium
522 2447 702 2504 assensionem
705 2449 840 2550 8²‚iretentio
877 2446 940 2504 ideo
964 2452 993 2502 et
1013 2443 1165 2503 Aristocles
1186 2444 1240 2501 ad·

108 2547 207 2588 versus
223 2547 272 2588 eos
288 2531 436 2632 disputans
450 2528 536 2588 dicit:
559 2527 585 2587 εἰ
604 2526 663 2606 μέν
684 2551 740 2590 ουν
762 2525 841 2611 αὐτῇ
863 2526 1156 2610 συγκατατίθενται,
1181 2526 1239 2607 (ἰῆ-

109 2609 202 2674 lost
184 2635 233 2676 στι
254 2611 330 2687 boin
321 2607 449 2688 ’ζυυσια
477 2615 523 2673 ubi
548 2615 739 2674 animadverte
763 2612 1040 2694 συγκατατίθενται
1069 2634 1131 2674 σεεσ
1145 2615 1238 2673 Cice·
1306 2642 1314 2653 -

111 2702 256 2759 maianum
271 2703 468 2770 essenti,untur
492 2693 675 2776 δοξάζουσιν
696 2708 791 2759 autem
815 2705 975 2777 opinantur.⁴
989 2701 1053 2759 hinc
1068 2701 1152 2760 etiam
1169 2700 1240 2759 Ses-

109 2786 172 2862 plici
210 2805 242 2844 se
281 2781 560 2865 ἀσυγκαταθίτους
596 2791 625 2843 et
665 2778 861 2857 ἀθοξιίστους
896 2784 1104 2886 profitebantur
1138 2777 1240 2843 eodem

110 2875 198 2945 teste,
240 2871 311 2930 sicut
343 2867 479 2943 enebris
511 2876 541 2929 et
576 2864 764 2976 αταρυίχους.
814 2872 865 2929 sed
896 2871 972 2928 idem
1000 2863 1239 2946 υπυλαμβιίνειν

107 2971 157 3033 pro
180 2949 320 3030 δοξάζειν
347 2964 377 3014 et
405 2948 612 3055 babiensis
593 2955 661 3016 αντί
690 2958 747 3034 τῆς
773 2948 867 3034 δόξης
893 2962 1021 3034 usurpat.
1057 2974 1155 3012 rerum
1183 2953 1240 3012 hoc

106 3059 226 3120 qnoque
242 3042 450 3100 observandum
467 3043 552 3100 estin
568 3041 631 3099 loco
652 3061 736 3119 quem
756 3041 841 3121 paulo
863 3048 931 3099 ante
952 3043 1049 3114 citari,
1073 3028 1240 3098 Ciceronem

102 3125 201 3188 dicere
217 3130 410 3226 opinationem
410 3135 440 3185 et
455 3129 643 3201 temeritatem,
665 3146 717 3204 pro
737 3146 794 3203 quo
816 3126 880 3184 alibi
900 3128 965 3184 dicit
985 3126 1116 3204 opinandi
1135 3128 1239 3184 teneri-

100 3218 198 3276 nien.
229 3213 341 3272 videtur
367 3213 440 3272 enim
461 3213 561 3271 Cicero
583 3216 755 3271 temeritatem
776 3230 880 3270 vocare
902 3230 986 3288 quam
1008 3211 1112 3270 Sextus
1133 3210 1239 3288 passim

97 3286 291 3384 sipontinam
312 3298 454 3377 appellat,
482 3316 543 3355 eam
564 3296 776 3376 Δυγματικσις
797 3297 980 3376 exprobrans
1014 3297 1092 3375 apud
1115 3297 1238 3353 eundem
1283 3349 1295 3371 .‚

100 3387 274 3446 Ciceronem
289 3390 322 3442 ut
337 3386 510 3442 temeritatem
531 3384 662 3484 opinandi
682 3385 764 3440 sicet
779 3389 872 3440 teneo
892 3385 1000 3460 opinari
1018 3381 1145 3458 legimus.
1168 3381 1237 3457 quin

99 3473 189 3531 etiam
212 3469 310 3527 alicubi
333 3468 432 3526 scribit
445 3472 598 3535 inanimis
617 3471 716 3526 nostris
739 3472 912 3526 assessionem
935 3468 981 3541 (id
1002 3474 1042 3525 est
1060 3469 1238 3568 opinationem

103 3563 129 3616 et
143 3557 364 3653 teneritatem)
351 3557 534 3613 extraxisset:
555 3572 641 3630 porro
667 3559 699 3610 nt
720 3545 858 3626 δοξάζειν
879 3557 988 3630 opinari
1010 3556 1041 3610 et
1060 3543 1156 3623 δόξαν
1177 3554 1238 3627 opi-

101 3645 257 3716 senonen,
279 3641 319 3699 sic
337 3634 379 3699 τὰ
401 3632 481 3698 κατὰ
504 3634 599 3710 δόξαν
621 3644 650 3697 et
669 3633 710 3698 iii
719 3628 871 3711 bainard
894 3657 928 3697 ex
950 3639 1089 3696 Cicerone
1114 3637 1237 3714 opinabi-

104 3727 145 3789 li'a
156 3725 339 3804 interpretari
353 3743 505 3804 possumus
519 3731 549 3782 et
563 3714 746 3797 ἀδσξιίστιυζ
760 3726 829 3785 eitra
843 3728 1029 3802 opinationem

189 3833 219 3874 ιι.
240 3810 287 3874 Ιίἰ).
303 3809 406 3870 lsect.
425 3809 464 3868 13
486 3807 761 3890 συγκατατίθεται]
781 3809 896 3868 dicimus
915 3809 1028 3908 quidem
1044 3810 1171 3866 assentiri
1184 3807 1236 3865 oli-

106 3914 279 3976 pennen,
301 3897 437 3955 sedium
458 3897 562 3953 utimur
582 3897 695 3953 nomine
709 3915 849 3967 assensus,
870 3895 1083 3971 cogimurhanc
1104 3898 1237 3951 constru-

108 3981 230 4041 ctionem
246 3988 356 4040 mutare
378 3986 407 4040 et
427 3986 477 4038 aut
497 3999 631 4039 assensum
653 3981 691 4039 od
713 3999 767 4040 rens
788 3981 906 4058 aliquam
927 3985 976 4038 aut
1001 3998 1136 4039 assensum
1156 3978 1239 4037 alicui

108 4070 145 4126 rei
165 4068 271 4135 dicere.
300 4067 475 4145 quinetiam
499 4085 633 4126 assensum
655 4067 688 4124 de
703 4085 733 4123 re
754 4066 848 4146 aliqua
862 4085 921 4124 non
936 4067 996 4122 sine
1012 4063 1139 4144 exemplo
1154 4068 1238 4120 ustr-

127 4162 249 4212 tremus
340 4205 342 4207 ,
631 4160 638 4191 ²

109 4168 156 4235 p
165 4243 221 4298 ·’.ιι
240 4237 291 4297 lib.
316 4237 333 4296 1
357 4245 426 4299 sect.
450 4237 492 4296 14
514 4230 664 4316 πάντας]
676 4235 840 4296 adverbium
868 4227 993 4305 πάντας
1019 4235 1092 4292 verti
1114 4228 1263 4311 protinus'

111 4304 248 4402 accipiens
261 4334 316 4402 pro
330 4328 479 4384 necessario
494 4331 524 4384 et
540 4325 619 4401 quasi
640 4341 674 4383 ec
695 4326 844 4382 necessaria
866 4324 1053 4381 consecutione.
1078 4337 1136 4396 quo
1153 4336 1238 4376 sensu
1298 4335 1301 4339 ·

112 4407 173 4468 dicit
187 4409 289 4469 Cicero
303 4410 446 4471 interdum
460 4431 512 4469 non
534 4413 666 4491 continuo.
698 4428 755 4514 qua
775 4409 806 4466 in
824 4408 1027 4488 significatione
1041 4422 1101 4464 non
1114 4403 1238 4463 insolens

113 4498 152 4553 sit
165 4495 247 4574 apud
262 4494 329 4554 elios
345 4512 461 4575 quoqne
475 4496 628 4579 scriptores
643 4489 680 4556 οὗ
695 4486 830 4566 πάντας.

176 4591 282 4630 snxrns
299 4592 395 4630 ειιειι.
436 4638 442 4649 ,
1004 4575 1034 4636 Y
1052 4591 1053 4596 ’
