2798 5198
198 865 209 887 ,
262 746 265 755 ’
352 792 424 871 ιο.
453 792 686 873 mossur
712 796 946 875 arneson
972 797 1278 885 unansasro

794 988 839 1032 ab

469 1066 472 1071 ἣ
573 1154 576 1159 ·
620 1147 626 1157 ’
677 1122 961 1187 nhcsottnm.
1006 1197 1009 1202 ,
1105 1154 1115 1195 ι

299 1371 302 1376 .
340 1286 428 1350 Sexti
449 1286 598 1373 Empiriol
620 1291 740 1379 Graece
768 1300 800 1357 et
821 1293 929 1357 Latine
955 1295 1051 1357 semel
1067 1274 1199 1358 Ιιιιιιιιιιιι
1223 1299 1301 1357 ente
1324 1294 1383 1358 boa

254 1412 377 1491 tempus
399 1404 504 1473 exousi
533 1390 654 1494 scripta
669 1415 727 1515 inqu
750 1435 768 1477 a
789 1413 882 1496 longo
904 1421 1045 1496 tempore
1065 1416 1097 1477 in
1124 1415 1255 1478 librariis
1278 1414 1384 1478 taber·

254 1528 302 1590 nis
328 1529 659 1634 desiderantur-ruham
688 1536 785 1627 panai,
805 1536 1119 1620 emona-„squammea
1139 1554 1159 1597 e
1181 1535 1296 1617 quibus
1317 1542 1383 1597 atu-

254 1648 359 1712 ‹liosns
380 1651 495 1714 veteris
523 1652 737 1737 philosophiae
758 1653 845 1735 plura
871 1654 1008 1737 discere,
1040 1662 1132 1737 atque
1153 1657 1180 1717 sl
1201 1674 1280 1718 sano
1305 1656 1382 1719 luill-

253 1769 302 1830 oio
330 1769 495 1833 instructus
525 1771 564 1833 ab
591 1771 758 1835 lectionem
787 1773 853 1836 eius
881 1775 1028 1850 accedat,
1064 1776 1210 1839 maiorem
1241 1776 1383 1840 nanas

252 1910 366 1971 aspere
392 1891 501 1972 possit.
537 1912 607 1954 nam
619 1893 724 1993 sinna.
721 1891 943 1989 hosptium,
917 1893 1030 1989 omnia
1012 1895 1179 2032 'instituit
1199 1916 1384 1980 oppugnare

251 2012 406 2095 multaque
434 2020 588 2096 oppugnat
604 1970 808 2095 ·'a''tuti⁵s'slhr³e'‚
841 1994 1003 2097 impetltha
1016 1998 1164 2079 cohibere
1191 2022 1319 2082 tenuere
1339 2036 1382 2083 ιι-

253 2132 405 2227 sentiendi
427 2133 553 2196 incertis
575 2139 607 2211 et
627 2136 749 2197 cautius
767 2136 798 2196 in
828 2130 997 2199 statnendis
1021 2136 1213 2217 dogmatibus
1233 2137 1384 2201 hreeslerr

253 2252 359 2333 utique
376 2222 492 2340 monet.
530 2255 602 2316 dnm
619 2274 698 2319 uero
720 2274 845 2319 suanum
867 2255 1051 2355 scriptorum
1070 2226 1293 2334 Aenesilami,
1315 2257 1385 2321 ble-

252 2373 359 2436 nodoti
391 2378 423 2435 et
451 2358 578 2435 illiorum
598 2374 696 2436 'nobis
711 2344 869 2435 exhibet
884 2362 1115 2456 sospitateam
1151 2368 1228 2438 dnm
1261 2396 1386 2441 omnem

251 2492 480 2576 philosophiam
494 2496 705 2577 persequitur,
729 2514 817 2576 quam
837 2493 969 2576 plurima
984 2493 1115 2577 prolert'
1121 2493 1387 2577 Ιιιιιςιιιιιιοιιιιιιι1

252 2615 431 2677 Stoicorum
457 2616 588 2677 maxime
619 2614 745 2697 placitu,
780 2632 858 2697 quae
886 2615 920 2677 ni
947 2614 1016 2696 ipse
1047 2613 1191 2691 honeret,
1222 2616 1387 2696 ignorara-

151 2728 163 2751 ‘
204 2726 208 2733 ’
251 2754 329 2819 mus.
355 2734 427 2795 dnm
445 2702 582 2817 'denique
597 2740 631 2795 ut
645 2751 821 2817 oommqnqs
841 2733 983 2817 exsibilet
998 2735 1167 2816 opiniones,
1188 2735 1290 2799 sarius
1306 2758 1387 2831 qnae

253 2854 394 2916 accidunt
416 2858 449 2916 et
470 2854 623 2944 paradoxa
644 2853 780 2957 colligit,
802 2852 896 2915 multa
917 2854 1071 2935 annotavit
1092 2854 1258 2936 singularia
1274 2861 1312 2919 et
1326 2834 1388 2921 hos

252 2976 351 3037 minus
373 2974 505 3037 ineunda
525 2975 620 3048 scitu,
647 2993 737 3055 qaam
753 2973 929 3053 oognitioue
944 2973 1056 3055 oppido
1072 2974 1259 3056 dignissima·
1284 2975 1387 3041 Grae·

252 3116 307 3159 ose
328 3092 453 3178 liuguae
481 3094 573 3170 etiem
599 3099 752 3155 amentem
781 3097 815 3155 et
842 3092 1065 3175 elegantiorum
1085 3095 1243 3169 literarum
1264 3099 1388 3163 sturlio·

203 3238 205 3243 ’
253 3237 322 3280 sum
348 3214 444 3278 multe
466 3219 499 3276 et
519 3216 600 3277 veria
621 3214 812 3277 advertent'
802 3232 834 3275 ιιι
855 3214 916 3276 hoo
938 3214 1108 3313 scriptore,
1141 3236 1220 3296 quae
1239 3236 1317 3281 οιιιιι
1334 3238 1387 3283 vo·

254 3337 372 3418 luptate
399 3341 432 3397 et
458 3314 562 3397 fructu
592 3340 641 3396 est
666 3340 872 3397 annotaturus.
914 3335 963 3401 his
991 3334 1125 3415 denique
1152 3336 1271 3399 aceedit
1304 3340 1387 3435 qnoil

254 3456 416 3538 Saeptioae
434 3453 649 3537 philosophiae
670 3457 806 3517 naturam
830 3461 862 3517 et
881 3454 1016 3517 rationes
1032 3453 1164 3536 explieat
1177 3457 1388 3538 apertissime,

253 3584 346 3659 etque
370 3569 571 3638 nihilominus
594 3594 684 3657 qnam
704 3593 780 3636 sana
805 3570 861 3638 itta
878 3575 918 3643 sn
939 3581 971 3639 et
993 3576 1112 3658 iniqua,
1132 3578 1160 3639 si
1182 3577 1302 3642 serium
1324 3582 1389 3645 veri

253 3664 386 3760 studium
407 3694 520 3757 morsui
542 3693 624 3769 velit,
645 3693 728 3755 haud
749 3695 850 3757 seoius
872 3696 1036 3777 perspicue
1057 3697 1312 3777 cognomentum
1336 3722 1389 3767 re-

253 3818 372 3901 linquit.
396 3815 470 3899 quial
493 3813 573 3888 enlm
587 3811 692 3874 vanius
708 3832 797 3892 quam
813 3813 906 3875 rebus
924 3813 1181 3878 manifestissimis
1198 3821 1230 3879 et
1247 3823 1388 3885 mutue

185 3932 190 3957 ¹
254 3915 345 4002 seriis
370 3941 403 4000 et
425 3936 535 4019 quihus
562 3935 629 4017 ipse
654 3934 687 3994 iu
714 3935 796 3996 omni
821 3932 885 4018 vita
902 3937 1077 3999 assentiaris
1099 3970 1142 3985 -
1163 3938 1195 3999 in
1215 3938 1280 4002 vito
1304 3943 1388 4007 enin

254 4060 431 4140 neutiquam
452 4056 590 4139 Saeptioi
611 4062 681 4119 sunt
711 4055 846 4139 Saeptiai
869 4093 908 4107 -
931 4059 1113 4140 conquirere
1141 4079 1215 4142 quas
1241 4063 1388 4130 obieeta·

256 4179 456 4243 ratiunculas:
478 4176 526 4240 vei
549 4174 623 4260 quid
642 4178 792 4259 iniquius,
817 4197 908 4258 quam
928 4178 980 4241 nbi
1003 4198 1041 4241 es
1062 4179 1158 4243 alters
1178 4185 1269 4263 parte
1291 4184 1388 4271 longe

255 4296 477 4384 probabiliores
498 4305 530 4360 et
551 4299 744 4360 firmissimae
761 4298 896 4360 rationes
918 4303 1054 4375 exstant,
1077 4320 1114 4362 ex
1133 4301 1229 4365 altera
1242 4303 1389 4370 infirmae

258 4420 439 4498 admodum,
461 4425 563 4484 tamen
584 4418 655 4482 ideo
677 4437 744 4482 rem
765 4419 863 4501 ipsam
884 4419 1041 4483 venditare
1063 4441 1119 4503 pro
1141 4420 1232 4485 dubia
1252 4423 1391 4492 ineerta·
