2798 5198
12 125 19 166 ³
122 148 188 215 ιιι
406 224 419 234 ι,
463 129 938 208 memunounrre'r..

122 309 214 383 itaqae
231 299 396 378 Timagoras
409 296 561 378 Epicureas
580 301 665 375 cegat
684 297 738 357 sili
755 271 898 376 remquam,
920 311 982 366 ιυιη
1003 289 1114 351 ocutos
1135 293 1245 366 ίοιιίιισ,

124 382 195 449 daos
217 408 252 448 ex
274 388 381 449 larena
391 380 550 466 flammatos
570 403 626 444 csse
643 385 729 444 υιίοι.
759 383 893 462 apiniacis
913 382 984 440 caim
1006 397 1069 439 esse
1089 375 1248 450 mordeam,

123 494 177 534 coc
192 475 337 533 οαιίοτωο.

209 583 237 617 ιι.
259 556 338 615 lib.·l
362 558 433 617 sect.
453 550 496 612 83
518 553 582 614 τῶν
608 547 822 635 κροκοδείλων]
847 550 958 630 reperio
980 546 1106 627 quidem
1123 546 1264 623 quandin·

70 663 72 670 ¹
122 637 213 705 πόλιν
233 636 436 724 κροκοδιόων
455 636 643 720 appellatam,
663 639 715 698 sed
730 635 796 697 nihil
812 635 889 695 unde
902 635 978 695 hunc
992 633 1095 697 locum
1109 649 1181 692 suae
1193 632 1251 692 inte-

100 749 106 756 ’
123 729 218 809 gritati
232 728 381 785 restituere
395 727 511 805 possim.
579 727 584 737 ‘

211 836 240 872 ιο.
262 812 310 872 lib.
327 812 344 869 1
361 816 430 871 sect.
447 810 509 868 104
528 804 736 893 ἐγρηγορέναι]
753 805 853 867 Cicero
871 805 902 864 in
914 801 1058 878 Lucullo,
1081 805 1180 882 itaque
1193 806 1255 864 ricrl

125 901 281 977 experrecti
296 915 400 970 samar,
421 899 483 955 οιύο
502 897 553 955 illo
572 886 775 968 contemnimus,
798 911 878 973 arque
898 895 941 952 iia
959 891 1091 951 habemas
1109 895 1144 947 at
1158 909 1190 947 ιο
1203 909 1256 967 ηοω

82 1026 84 1031 «
125 988 155 1044 ic
161 984 228 1063 foro
243 986 382 1058 gessimus.
411 987 442 1040 at
457 983 524 1040 ecim
539 981 601 1040 dam
614 981 759 1053 cidmtar,
783 979 875 1038 eadem
890 983 930 1036 est
944 979 1045 1035 sommis
1059 977 1169 1054 species
1183 993 1257 1033 cerac

125 1089 193 1149 qaae
214 1069 361 1144 vigilantes
379 1065 509 1125 oidemcs.
541 1066 686 1145 plurimum
706 1068 822 1124 interest.
859 1063 906 1122 sed
929 1061 960 1122 id
985 1064 1161 1143 animamur.
1201 1059 1260 1119 cllcd

125 1158 193 1213 ecim
214 1154 341 1226 dicimos,
371 1171 424 1209 coc
444 1151 553 1212 earcdem
573 1172 628 1211 ιιιι
647 1154 703 1212 cim
722 1169 804 1236 ceqae
824 1151 1010 1226 integritatem
1030 1146 1260 1207 dermimtirmet

7 1304 10 1308 ,
122 1241 296 1316 vigilantiam
310 1257 357 1296 cec
370 1243 454 1296 meato
468 1256 514 1295 aec
528 1257 613 1299 seam.

18 1325 117 1389 Ρ209
209 1347 238 1382 α.
258 1323 306 1382 lib.
326 1321 342 1380 1
359 1328 428 1381 sect.
447 1321 509 1380 113
523 1320 588 1382 τῶν
609 1313 832 1402 ἐγρηγορότων]
853 1312 906 1378 διό
926 1310 1031 1395 τὸμὴ
1054 1307 1181 1393 ὁμοίως
1202 1311 1262 1374 dm·

124 1409 250 1470 κεῖσθαι
278 1401 484 1490 ἐγρηγορότας
512 1405 565 1466 καί
591 1402 804 1483 κοιμωμένους
832 1400 885 1464 cal
905 1394 1108 1482 ὗγιαίνοντας
1131 1398 1185 1460 καὶ
1213 1421 1262 1460 νο-

21 1486 39 1507 “
124 1496 276 1569 σοῦντσς,
300 1499 332 1550 ut
345 1495 433 1553 refert
447 1489 599 1550 Aristocles
613 1511 648 1550 ex
661 1490 861 1550 Aenesidemo.
1238 1532 1247 1545 .

209 1604 239 1640 a.
253 1579 302 1640 lib.
319 1577 337 1651 1
359 1583 427 1636 sect.
448 1576 510 1635 117
530 1575 581 1637 καί
603 1572 705 1648 οὕτως
726 1571 930 1652 ἐμπίπτουσιν
951 1569 994 1645 είς
1015 1565 1072 1633 τόν
1095 1561 1262 1648 dediticios

124 1659 242 1747 τρόπον
262 1655 305 1724 τό
322 1682 357 1723 τι
377 1655 600 1743 κριτήριονκαὶ
621 1654 641 1742 ν]
661 1653 829 1738 ἀπόδειξις]
847 1659 991 1741 sciendum
1006 1663 1051 1716 est
1067 1656 1151 1734 quod
1166 1657 1263 1714 attinet

57 1749 61 1757 ’
124 1752 164 1810 ad
186 1750 240 1809 boc
264 1748 400 1825 loquendi
423 1766 515 1825 genus
550 1748 644 1824 (euius
668 1746 911 1824 frequentissimus
937 1744 990 1803 erit
1014 1745 1044 1800 in
1076 1741 1261 1818 sequentibus

52 1831 54 1837 '
124 1834 210 1911 usus)
239 1834 269 1893 id
290 1834 418 1892 bifariam
443 1833 539 1906 scribi,
567 1832 710 1891 interdum
734 1827 792 1892 τόν
819 1819 988 1908 trimeter
1015 1818 1139 1911 τρόπον
1167 1831 1202 1883 ut
1224 1827 1263 1884 hic

124 1920 267 1978 interdum
280 1914 336 1978 τόν
358 1912 404 1977 δι’
427 1910 572 1996 ἀλλήλων
592 1911 719 2000 τρόπον.
750 1915 802 1976 sed
818 1915 865 1973 illo
879 1916 965 1973 modo
981 1912 1165 1989 frequentius
1182 1919 1271 1989 quam

49 2073 52 2077 g
123 2004 197 2082 hoc,
217 2004 299 2081 apud
316 1999 477 2078 Diogenem
497 2001 645 2060 Latrtium
667 2009 764 2060 tamen
784 2000 887 2077 legitur
901 1991 926 2074 ,d
948 1993 995 2058 δι’
1018 1990 1170 2077 ἀλλήλων
1191 1988 1261 2079 τρόο

124 2108 199 2163 πος,
228 2078 327 2146 noni
357 2078 531 2164 διόλληλος.
565 2087 595 2147 id
617 2091 713 2144 autem
738 2083 938 2160 συνίσταται,
971 2089 1005 2141 ut
1029 2084 1088 2157 ait,
1123 2077 1204 2143 όταν
1228 2075 1259 2142 τό

124 2169 252 2255 όφιῖίον
279 2171 337 2233 τοῦ
370 2166 561 2251 ζητουμένου
590 2163 775 2253 πράγματος
809 2163 887 2230 εἶναι
919 2162 1128 2247 βεβαιωτικὸν
1160 2163 1263 2271 χρείαν

54 2319 58 2329 .
124 2252 180 2341 iim
206 2259 264 2336 τῆς
291 2253 325 2317 ἐκ
353 2257 411 2318 τοῦ
440 2251 628 2334 ζτουμίνου
656 2254 798 2327 πίστεως.
836 2247 904 2316 οἷον
933 2252 960 2314 εἲ
987 2248 1024 2315 τὸ
1048 2247 1126 2315 εἶναι
1147 2271 1263 2335 πορους

95 2338 173 2416 ’τις
204 2344 333 2422 βεβαιοῖ
356 2336 408 2402 daal
439 2279 476 2404 τό
508 2337 681 2425 ἀπορροίας
711 2337 873 2421 γίνεσθαι,
898 2333 988 2415 ,αὐτὸ
1022 2331 1262 2425 παραλαμβάνω

125 2423 207 2513 πρός
225 2425 395 2505 βεβαίωσιν
405 2411 454 2488 ’τό
476 2421 649 2510 ἀπορροίας
668 2422 822 2508 γίνεσθαι.
853 2425 930 2484 hunc
951 2428 1045 2484 autem
1060 2423 1204 2502 Diogenis
1225 2423 1265 2497 lo·,

127 2534 190 2574 curn
210 2513 316 2592 protuli
335 2512 425 2591 qualis
445 2513 476 2570 in
504 2519 561 2571 vet.
584 2513 647 2575 cod.
671 2518 779 2584 exstat,
802 2530 867 2570 cum
887 2511 917 2568 in
934 2510 1010 2587 vulgi
1033 2511 1099 2569 edit.
1123 2509 1213 2590 plane
1231 2509 1263 2567 sit

60 2648 64 2662 .
124 2599 250 2658 mutilus.
276 2598 328 2657 sed
351 2598 420 2674 quid
442 2598 598 2674 significare
620 2596 687 2655 velit
702 2597 807 2656 Sextus
827 2595 882 2653 hoc
902 2594 1040 2673 loquendi
1060 2602 1189 2673 g'enere,
1215 2594 1264 2673 ipsi

115 2683 180 2742 «loci
192 2684 222 2740 in
236 2683 337 2759 quibus
359 2701 393 2739 eo
415 2684 520 2754 utitur,
541 2682 608 2740 satis
630 2701 774 2761 superque
792 2681 936 2740 indicant:
960 2685 990 2739 et
1003 2681 1125 2760 ipsemet
1142 2699 1208 2758 cap.
1227 2672 1262 2737 15

124 2768 302 2847 huiusprimi
316 2767 376 2824 libri
392 2767 521 2846 explicat.
547 2786 636 2825 unum
652 2771 887 2844 ergosuperest,
908 2771 941 2824 ut
955 2765 1102 2824 videamus
1117 2753 1285 2842 quomodo'

125 2859 223 2933 aptam
243 2853 270 2909 ei
292 2853 432 2932 possimus
454 2851 531 2930 apud
544 2847 664 2911 Latinos
683 2851 902 2931 appellationem
922 2851 1058 2912 invenire.
1091 2855 1173 2909 certe
1188 2850 1265 2926 quad

124 2938 211 3016 vulgo
230 2938 286 3014 ‚diu
306 2937 379 2995 solet
400 2941 528 2997 incertam
545 2957 595 3014 per
610 2941 751 3010 tccmtias,
773 2936 836 2997 huic
852 2935 938 2995 simile
953 2942 1015 3009 est,
1036 2937 1090 2994 nisi
1105 2935 1189 3012 quod
1204 2954 1265 2993 curn

123 3024 226 3082 dieitur
243 3015 260 3084 ό
281 3017 326 3081 dr’
346 3015 491 3101 ἀλλήλων
504 3016 632 3103 τρόπος,
649 3022 812 3099 intelligitur
824 3027 923 3080 mutua
938 3022 1079 3098 quaedam
1093 3021 1273 3080 incertitudo.

125 3116 156 3168 et
176 3114 275 3166 mutua
298 3109 468 3186 probatione
487 3110 628 3184 indigens.
670 3108 701 3165 id
722 3113 782 3181 est,
820 3127 884 3166 curn
907 3108 1006 3165 dicunt
1029 3105 1190 3185 philosophi
1213 3124 1265 3163 nos

124 3195 248 3253 incidere
271 3191 313 3265 εἷς
342 3188 398 3254 τὸν
424 3188 469 3252 δι’
493 3186 639 3272 ἀλλήλων
664 3185 784 3275 τρόπον
806 3193 865 3252 sive
887 3184 1071 3271 drdllqlor,
1095 3191 1266 3270 intelligunt

105 3301 107 3305 ’
123 3276 179 3338 nos
193 3280 317 3338 incidere
330 3280 359 3336 in
373 3278 518 3356 quandam
532 3285 657 3337 mutuam
672 3279 814 3356 probandi
827 3278 1045 3350 necessitatem,
1064 3275 1093 3334 id
1112 3283 1175 3351 est,
1198 3295 1265 3357 pro-

124 3365 212 3423 bandi
234 3365 312 3442 prius
333 3365 362 3421 id
384 3365 462 3430 cuias
484 3364 591 3440 alioqui
611 3363 779 3423 adminiculo
794 3365 837 3421 uti
851 3363 1014 3422 volebamus
1029 3364 1067 3420 ad
1081 3362 1265 3441 probandum

124 3450 212 3508 aliud.
244 3469 310 3527 pag.
325 3448 387 3506 431
404 3455 434 3506 et
447 3448 510 3506 432
535 3455 565 3507 et
587 3449 651 3508 alibi
674 3445 842 3528 διόλληλυν
864 3450 1068 3508 altercatoriam
1090 3448 1184 3521 verti,
1206 3466 1266 3505 non

126 3535 204 3612 quod
220 3533 305 3612 plane
320 3533 385 3593 mibi
400 3535 574 3594 satisfaceret
587 3553 651 3596 mea
664 3534 734 3594 lraec
754 3535 972 3615 interpretatio,
994 3535 1047 3592 sed
1071 3533 1151 3610 quod
1172 3533 1265 3612 aptior

124 3619 203 3679 nulla
216 3619 280 3676 mihi
295 3626 465 3683 occurreret.
490 3621 593 3696 quodsi
613 3621 675 3698 quis
690 3621 820 3692 obiiciat,
840 3638 939 3679 vocem
960 3619 1034 3677 illam
1049 3620 1264 3692 altercatoriam,

5 3764 8 3769 Δ
103 3752 105 3757 ι
125 3705 179 3763 nisi
193 3704 263 3781 quid
277 3704 354 3762 aliud
368 3705 508 3778 addatur,
531 3706 561 3764 id
581 3705 833 3782 quodsignificare
848 3723 883 3763 ea
897 3705 978 3777 volo,
1001 3723 1061 3762 non
1077 3703 1265 3783 comprehen-

126 3789 213 3849 dere:
240 3788 286 3848 ille
305 3789 357 3868 ipsi
372 3789 460 3849 Sexto
481 3791 573 3849 utenti
596 3791 710 3850 nomine
730 3785 898 3869 διάλληλος
922 3790 1044 3849 obiicere
1065 3791 1142 3848 idem
1164 3791 1265 3848 eadem

126 3875 238 3934 ratione
259 3875 359 3954 possit.
382 3876 445 3952 quis
464 3877 539 3960 enim
562 3868 730 3954 διόλληλος
749 3868 867 3959 τρόπος
886 3876 924 3934 ad
945 3876 1021 3934 varia
1065 3893 1130 3933 osse
1151 3893 1264 3934 accom-

126 3960 236 4020 modari
249 3980 308 4018 non
322 3959 424 4020 ridet‘l
444 3962 607 4040 respondeo
627 3961 729 4038 igitur,
758 3968 791 4020 ut
805 3981 869 4021 cum
884 3962 985 4020 dicitur
999 3959 1169 4040 όιαλληλυς
1188 3950 1264 4043 τρό-

126 4064 203 4119 πος,
235 4045 402 4105 subauditur
421 4048 562 4124 genitivus
576 4039 734 4130 ἀπορίας,
753 4053 816 4106 ’καί
836 4047 934 4123 aliquis
956 4049 980 4106 ei
1002 4046 1111 4120 similis,
1139 4047 1181 4103 ita
1201 4063 1266 4104 cum

127 4137 209 4190 verto
225 4132 432 4191 altercatoriam
444 4132 569 4205 modam,
592 4133 745 4192 subaudire
753 4151 805 4192 me
825 4133 980 4210 genitivum
994 4131 1130 4190 Latinum
1153 4132 1264 4191 delita·

127 4219 226 4290 decis,
256 4223 290 4275 ut
303 4218 339 4276 sit
354 4210 521 4297 ιίιόλληλος
540 4211 672 4301 τρόπος,
690 4219 883 4278 altercatorias
897 4217 1073 4278 dalitetiom'r
1087 4217 1199 4291 modas,
1219 4213 1266 4274 vel

127 4302 284 4377 elianam,
306 4303 406 4380 siquis
421 4322 528 4365 nornen
542 4305 735 4365 altercatorias
751 4305 865 4383 refugit.
887 4309 956 4365 tunc
971 4304 1045 4364 enim
1060 4323 1128 4364 vere
1142 4303 1266 4362 alternat

130 4386 288 4463 dubitatio,
311 4408 375 4450 cum
397 4409 487 4451 unum
508 4389 624 4453 dubium
644 4391 682 4453 ad
703 4390 816 4452 alterius
831 4389 909 4453 dubii
921 4390 1120 4472 probationem
1130 4388 1263 4452 affertur.
